4602 6136
1736 467 1823 537 m'

279 597 1879 666 ω’

295 885 1196 1080 Dlssnuun‘rlo
1273 889 1845 1089 uanum,
2090 841 2100 852 ’
2172 923 2177 930 ·

647 1272 738 1348 Ltra
762 1266 835 1346 duo
869 1269 1018 1347 Saecula
1045 1259 1084 1338 A
1109 1265 1225 1347 menti
1252 1266 1403 1375 fuiffer3
1436 1270 1590 1354 alterum
1618 1281 1705 1358 verb
1732 1281 1754 1359 l
1786 1283 1882 1370 reffi

549 1444 554 1465 ,
666 1373 706 1448 in
745 1371 885 1448 ditione
922 1375 1019 1450 Lan·
1111 1371 1208 1448 linea
1225 1371 1474 1454 exorbitali'et.
1492 1379 1660 1458 Licuerit
1674 1385 1795 1463 Leoni
1809 1391 1879 1466 111.

466 1514 482 1527 =
608 1532 629 1571 ⁷.
665 1473 902 1576 gobardorum
923 1473 1021 1550 stetit
1111 1473 1316 1570 Pontifici,
1353 1479 1562 1582 Populoque
1597 1487 1789 1581 Romano,
1824 1493 1880 1594 ju·

490 1610 509 1641 a
627 1574 629 1641 ἲ
669 1577 795 1652 ltaliae
828 1581 1019 1678 Regnum3
1109 1575 1195 1668 stas,
1221 1597 1262 1652 ut
1288 1597 1399 1678 puto,
1424 1584 1554 1660 caullas
1580 1585 1815 1685 habentibus,
1843 1593 1879 1672 se

273 1750 343 1843 2..
397 1726 538 1849 ...μ
567 1718 595 1765 ²
628 1652 632 1817 l
667 1678 1019 1859 :nullutn
1108 1683 1324 1856 utut
1337 1681 1877 1870 urrunnun*
1941 1729 1945 1736 ·

399 1914 430 1931 -„
551 1816 623 1903 q.
669 1887 943 1960 Dccnxxlv.
962 1909 1018 1979 pa·
1109 1807 1197 1980 inid
1216 1810 1418 1961 licuitpillis
1436 1888 1571 1967 auferre
1589 1850 1750 1996 Augusto
1768 1823 1877 1975 girib-

667 1989 741 2062 ruit
755 1985 856 2085 regio
866 1983 951 2058 haee
966 1984 1020 2058 in·
1110 2010 1153 2059 co
1181 1984 1410 2062 Catholicam
1440 1991 1669 2092 Religionem
1707 1999 1877 2097 profiten-

253 2095 355 2190 clyto
379 2093 538 2194 Principi
557 2089 692 2169 Carolo
709 2093 849 2186 Magno
870 2091 1017 2160 Franco·
1109 2085 1140 2162 ti
1163 2084 1317 2190 reliquas
1336 2087 1445 2164 etiam
1471 2094 1698 2189 provincias,
1718 2101 1807 2196 justo
1829 2103 1880 2177 ti.

249 2219 330 2271 rum
353 2194 466 2296 Regi,
485 2193 549 2292 qui
570 2203 680 2268 Anno
703 2191 846 2266 demum
871 2191 1019 2264 DCCC.
1055 2223 1083 2296 Β
1108 2188 1187 2262 tulo
1209 2193 1254 2263 ab
1278 2189 1400 2270 eodem
1430 2191 1610 2292 pollell'as,
1633 2199 1670 2270 δι
1696 2203 1798 2276 nulla
1824 2231 1880 2278 ra-

253 2299 498 2371 Romanotum
516 2323 659 2396 quoque
678 2296 875 2388 imperator
894 2317 1019 2366 renun·
1108 2289 1208 2364 tione
1244 2289 1287 2364 ad
1324 2296 1526 2370 Romanum
1564 2300 1779 2394 Ducatum,
1815 2321 1879 2381 aut

253 2399 365 2477 tintus
390 2395 482 2472 fuit.
516 2398 658 2474 Exinde
684 2420 770 2470 vero
798 2417 921 2467 omnes
953 2388 1018 2466 ler-
1107 2389 1151 2465 ad
1180 2391 1389 2468 Occidentis
1419 2391 1614 2494 imperium
1649 2399 1876 2501 [peilantesl

252 2527 311 2578 me
347 2498 469 2576 Italici
509 2503 621 2603 Reges
656 2501 839 2574 Coronam
879 2519 1020 2594 quoque
1107 2491 1144 2568 si
1159 2495 1261 2568 'male
1280 2494 1424 2570 conluta
1443 2496 1528 2572 baec
1547 2499 1763 2602 imaginatio
1787 2532 1878 2607 pon.

249 2602 482 2704 Augustalem
505 2603 626 2678 sortiti
646 2600 748 2676 sunt.
772 2596 935 2672 Celebris
961 2623 1017 2674 au·
1107 2594 1171 2668 dus
1194 2593 1275 2670 heic
1297 2596 1424 2676 babere
1448 2601 1580 2698 pollet,
1603 2601 1655 2678 fas
1673 2605 1785 2682 etiam
1806 2613 1879 2684 Ca-

253 2723 329 2784 tem
364 2703 521 2804 quaellio
555 2705 651 2780 inter
682 2698 852 2778 Eruditos
886 2699 1020 2800 agitata
1108 2699 1186 2772 rolo
1215 2723 1312 2772 novo
1337 2699 1498 2801 Augusto
1527 2700 1667 2795 fuisset,
1701 2734 1877 2810 occupare

251 2807 323 2899 eil,
345 2807 382 2882 dt
401 2805 514 2880 adbuc
533 2805 737 2898 subjudice
758 2801 910 2902 pendet,
935 2801 1019 2900 quid
1106 2799 1286 2876 Orientali
1321 2802 1540 2878 Monarcbae
1572 2806 1878 2912 Conllantinopo«

252 2907 471 3008 splendoris,
506 2907 595 3004 quid
631 2904 858 2981 aubloritatis
886 2905 1021 2977 Carolo
1107 2897 1197 2989 lim,
1220 2927 1260 2974 ae
1280 2921 1411 2976 ceteras
1430 2907 1592 2998 Europae
1611 2933 1651 2982 ac
1671 2909 1775 2986 Aliae
1796 2939 1879 3012 pro·

253 3003 573 3108 Magno,ejusque
592 3004 842 3080 sueceliotibus
855 3001 946 3077 olim
969 3021 1021 3076 at·
1108 2999 1247 3078 vincias
1270 3001 1386 3077 eidem
1422 3000 1620 3100 lubjeblas,
1657 3033 1741 3084 nam
1768 3014 1878 3090 δια

257 3108 386 3185 tulerit
408 3103 580 3182 Caesarea
607 3104 790 3208 dignitas.
827 3105 1022 3179 Nonnullis
1050 3146 1082 3216 C
1106 3100 1229 3178 omnia
1263 3102 1421 3202 Imperio
1455 3105 1546 3180 olim
1575 3112 1742 3187 Romano
1777 3121 1878 3213 pare-⁸

253 3236 297 3288 ea
324 3207 501 3284 sententia
537 3207 654 3299 sedit,
691 3205 785 3282 nibil
821 3205 919 3280 aliud
955 3206 1018 3280 im·
1107 3203 1216 3278 bant:
1254 3203 1350 3304 quod
1378 3205 1458 3304 quis
1485 3232 1709 3309 concoquere
1737 3214 1875 3314 polilt?

307 3310 409 3386 rtall'e
433 3309 560 3401 illam,
583 3307 647 3385 nili
671 3307 865 3398 Titulum,
889 3307 1017 3408 glorio·
1107 3310 1232 3402 ltaque
1259 3305 1447 3382 veritatem
1484 3310 1628 3412 propius
1661 3315 1875 3418 contingat,
1929 3313 1932 3320 ’

254 3337 332 3488 irim
359 3411 528 3512 quidem,
563 3409 621 3486 sed
656 3411 816 3500 nudum,
846 3407 917 3484 boe
951 3408 1020 3499 est,
1105 3407 1170 3505 qui
1204 3426 1342 3506 praeter
1375 3407 1525 3488 titulum
1560 3417 1874 3512 Imperatorium,

253 3516 393 3591 nullam
418 3515 454 3589 ei
481 3515 659 3589 oonlatam
687 3510 863 3587 ditionem
889 3508 930 3585 in
952 3515 1018 3586 Ro·
1106 3510 1284 3586 conlatam
1312 3535 1454 3609 quoque
1489 3529 1590 3612 putet
1618 3519 1754 3595 Carolo
1793 3524 1879 3597 Mar

253 3639 374 3710 mam,
404 3641 606 3718 quanquam
634 3623 851 3690 Romanorum
881 3617 1018 3711 Impera·
1105 3635 1177 3712 gno
1202 3609 1399 3711 supremam
1421 3611 1706 3694 dominationem
1734 3619 1775 3694 in
1804 3625 1878 3696 Ro·

249 3737 304 3791 eor
327 3721 584 3818 appellaretur.
620 3716 787 3794 Sentiunt
821 3711 909 3806 alii,
946 3741 1019 3816 par·
1108 3737 1200 3786 mam
1226 3711 1363 3812 ipsam,
1389 3713 1532 3816 ejusque
1559 3720 1763 3812 Donatum,
1788 3721 1878 3798 utili

254 3835 336 3894 tum
362 3845 403 3893 ea
431 3845 476 3893 ex
502 3819 681 3937 dignitate
694 3819 840 3893 Carolo
866 3841 940 3890 non
971 3815 1023 3891 lo·
1108 3813 1271 3893 dominio
1297 3816 1451 3893 Summis
1477 3817 1715 3898 Pontificibus
1735 3823 1881 3900 concela'

255 3921 335 3998 llam
363 3919 418 4023 jus
453 3921 617 4021 legitime
652 3917 831 3996 retinendi
859 3921 1022 4018 Regnum
1108 3913 1168 4007 lo,
1184 3915 1247 4014 qul
1268 3918 1477 4012 procedente
1495 3936 1657 4021 tempore
1674 3921 1877 4025 supremum

253 4019 373 4114 illud,
395 4021 492 4122 quod
515 4021 641 4121 inique
662 4019 891 4124 Langobardi
913 4024 1024 4096 Grae·
1049 4063 1083 4134 D
1107 4017 1217 4092 etiam
1243 4017 1305 4117 jus'
1333 4017 1426 4096 inibi
1453 4018 1534 4095 sunt
1568 4020 1709 4124 adepti.
1745 4025 1879 4106 Latina

254 4123 311 4201 eis
337 4122 615 4225 Imperatoribus
640 4122 870 4224 usurparant3
905 4118 963 4198 sed
988 4149 1023 4198 e·
1107 4138 1354 4208 argumentum
1391 4118 1460 4196 boe
1485 4139 1628 4219 egomet
1654 4125 1803 4204 uersari
1835 4130 1877 4206 in
1965 4217 1969 4226 ,

253 4225 347 4306 riam
369 4227 424 4328 jus
442 4222 607 4328 legitime
625 4223 819 4302 invadendi
837 4243 944 4322 atque
964 4249 1022 4298 oc·
1108 4221 1251 4295 Pleniori
1276 4220 1479 4320 Exprfirr'oue
1491 4226 1630 4316 surium
1653 4229 1877 4321 caesareorum

256 4328 412 4429 eupandi
439 4323 664 4432 provincias,
687 4349 768 4426 quae
791 4328 838 4398 ιδ
857 4324 1026 4423 imperitus
1107 4351 1144 4398 ae
1164 4322 1344 4412 Elleusrerr
1362 4324 1397 4398 ἐκ
1415 4326 1597 4403 Civitatem
1613 4333 1880 4434 emur-qua-

255 4429 437 4506 ercldem's
464 4431 690 4530 pertinebant,
722 4432 749 4500 ὸ
782 4427 934 4516 Graecis,
967 4447 1026 4500 aue
1107 4451 1145 4499 re
1181 4422 1332 4506 innuisse
1367 4451 1443 4504 rem
1478 4447 1690 4524 contentus,
1725 4433 1769 4508 ad
1805 4435 1877 4510 alie

254 4533 303 4607 ab
327 4525 406 4604 aliis
434 4527 599 4628 poffeffae.
632 4535 745 4632 E'rrrrt
768 4553 846 4602 erere
868 4527 1023 4626 Apulia,
1110 4527 1347 4630 progtedior.
1385 4528 1504 4624 Quod,
1534 4533 1690 4608 Romani
1730 4533 1879 4635 Imperii

252 4631 436 4722 catania,
462 4633 605 4725 Sicilia,
632 4634 810 4731 Neapolis,
836 4631 1024 4726 Illyricum,
1109 4629 1298 4705 renovatio
1332 4628 1395 4708 sub
1433 4634 1569 4708 Garolo
1608 4636 1745 4734 Magno
1779 4633 1876 4711 nibil

253 4732 414 4818 Cardia,
449 4734 646 4826 Dalmatia,
681 4735 837 4834 Cyclades
870 4731 1022 4826 insulae.
1109 4729 1335 4808 aubloritatis
1374 4734 1549 4834 pepererit
1583 4734 1875 4813 Occidentalibua

254 4837 316 4913 Ita
330 4834 479 4910 celebris
497 4833 692 4912 nostrorum
712 4853 912 4936 temporum
931 4831 1023 4912 Scri·
1109 4832 1276 4935 Augustis
1301 4832 1342 4910 in
1378 4839 1501 4936 Regna
1532 4836 1731 4916 Gallinam
1766 4851 1876 4940 atque

256 4953 368 5040 pror.
400 4935 461 5011 nd
489 4933 645 5034 primum
670 4956 792 5028 tanuen¹
816 4935 913 5038 quod
939 4934 1023 5017 atti·
1108 4935 1341 5030 Germaniae,
1366 4938 1481 5022 mulr'a
1502 4935 1603 5028 sunt,
1621 4955 1711 5035 qaae
1737 4939 1876 5038 persua·

254 5055 345 5128 eet,
378 5037 504 5140 utique
541 5037 702 5140 Principi
737 5058 823 5116 tune
857 5038 1022 5116 omniunt
1108 5037 1214 5116 dent.
1247 5042 1298 5114 Et
1332 5037 1412 5116 sane
1446 5035 1656 5115 Provinciae
1690 5037 1786 5118 illa'e'
1812 5071 1875 5144 per

251 5137 455 5248 inEuropa
471 5138 718 5246 potentiffimo
735 5140 776 5220 id
792 5139 928 5234 atullius
946 5167 1023 5222 mo·
1088 5157 1169 5253 ,tot
1194 5145 1340 5246 Saecula
1364 5143 1386 5246 a
1412 5145 1576 5256 Romano
1602 5139 1879 5327 lmpeaipaeseil'q

1740 5337 1768 5350 ..
1805 5299 1827 5348 e
