<?xml version="1.0" encoding="UTF-8"?>
<!DOCTYPE html PUBLIC "-//W3C//DTD XHTML 1.0 Transitional//EN"
    "http://www.w3.org/TR/xhtml1/DTD/xhtml1-transitional.dtd">
<html xmlns="http://www.w3.org/1999/xhtml" xml:lang="en" lang="en">
 <head>
  <title>
</title>
<meta http-equiv="Content-Type" content="text/html;charset=utf-8" />
  <meta name='ocr-system' content='tesseract 3.04.00' />
  <meta name='ocr-capabilities' content='ocr_page ocr_carea ocr_par ocr_line ocrx_word'/>
</head>
<body>
  <div class='ocr_page' id='page_1' title='image "./antiquitatesita02muragoog/antiquitatesita02muragoog_0152.png"; bbox 0 0 4622 6140; ppageno 0'>
   <div class='ocr_carea' id='block_1_1' title="bbox 333 440 1826 564">
    <p class='ocr_par' dir='ltr' id='par_1_1' title="bbox 333 440 1826 564">
     <span class='ocr_line' id='line_1_1' title="bbox 333 440 1826 564; baseline -0.003 -20"><span class='ocrx_word' id='word_1_1' title='bbox 333 464 414 547; x_wconf 66' lang='lat' dir='ltr'>,aar</span> <span class='ocrx_word' id='word_1_2' title='bbox 611 440 1544 564; x_wconf 61' lang='lat' dir='ltr'>nrssnrrnrroourncrn.</span> <span class='ocrx_word' id='word_1_3' title='bbox 1705 467 1826 549; x_wconf 61' lang='grc' dir='ltr'>ω</span> 
     </span>
    </p>
   </div>
   <div class='ocr_carea' id='block_1_2' title="bbox 132 564 1890 1050">
    <p class='ocr_par' dir='ltr' id='par_1_2' title="bbox 132 564 1890 1050">
     <span class='ocr_line' id='line_1_2' title="bbox 273 564 1890 670; baseline -0.001 -26"><span class='ocrx_word' id='word_1_4' title='bbox 273 567 346 660; x_wconf 85' lang='lat' dir='ltr'>eil,</span> <span class='ocrx_word' id='word_1_5' title='bbox 385 569 488 642; x_wconf 76' lang='lat' dir='ltr'>Duris</span> <span class='ocrx_word' id='word_1_6' title='bbox 521 568 798 670; x_wconf 76' lang='lat' dir='ltr'><strong>appellationem</strong></span> <span class='ocrx_word' id='word_1_7' title='bbox 833 567 1036 642; x_wconf 81' lang='lat' dir='ltr'><em>Praetoribus</em></span> <span class='ocrx_word' id='word_1_8' title='bbox 1067 565 1300 662; x_wconf 75' lang='lat' dir='ltr'>Atqurbus</span> <span class='ocrx_word' id='word_1_9' title='bbox 1326 591 1371 640; x_wconf 90' lang='lat' dir='ltr'>ne</span> <span class='ocrx_word' id='word_1_10' title='bbox 1396 592 1465 641; x_wconf 87' lang='lat' dir='ltr'>una</span> <span class='ocrx_word' id='word_1_11' title='bbox 1490 564 1635 668; x_wconf 88' lang='lat' dir='ltr'>quidem</span> <span class='ocrx_word' id='word_1_12' title='bbox 1665 565 1808 644; x_wconf 78' lang='lat' dir='ltr'>Ciuitas</span> <span class='ocrx_word' id='word_1_13' title='bbox 1836 579 1890 642; x_wconf 74' lang='lat' dir='ltr'>rea‘</span> 
     </span>
     <span class='ocr_line' id='line_1_3' title="bbox 273 663 1889 770; baseline 0.001 -26"><span class='ocrx_word' id='word_1_14' title='bbox 273 669 373 746; x_wconf 86' lang='lat' dir='ltr'>surssc</span> <span class='ocrx_word' id='word_1_15' title='bbox 401 673 593 746; x_wconf 87' lang='lat' dir='ltr'>tributam.</span> <span class='ocrx_word' id='word_1_16' title='bbox 622 675 748 768; x_wconf 86' lang='lat' dir='ltr'>Neque</span> <span class='ocrx_word' id='word_1_17' title='bbox 773 669 871 742; x_wconf 86' lang='lat' dir='ltr'>aliud</span> <span class='ocrx_word' id='word_1_18' title='bbox 896 669 937 743; x_wconf 92' lang='lat' dir='ltr'>in</span> <span class='ocrx_word' id='word_1_19' title='bbox 965 673 1033 742; x_wconf 88' lang='lat' dir='ltr'>lta·</span> <span class='ocrx_word' id='word_1_20' title='bbox 1097 663 1289 768; x_wconf 32' lang='lat' dir='ltr'>‘&#39;geretur.</span> <span class='ocrx_word' id='word_1_21' title='bbox 1330 667 1440 768; x_wconf 87' lang='lat' dir='ltr'>quue</span> <span class='ocrx_word' id='word_1_22' title='bbox 1466 667 1684 770; x_wconf 84' lang='lat' dir='ltr'>potissimum</span> <span class='ocrx_word' id='word_1_23' title='bbox 1713 669 1749 744; x_wconf 92' lang='lat' dir='ltr'>in</span> <span class='ocrx_word' id='word_1_24' title='bbox 1778 673 1889 744; x_wconf 86' lang='lat' dir='ltr'>Exar-</span> 
     </span>
     <span class='ocr_line' id='line_1_4' title="bbox 274 767 1890 870; baseline 0.001 -24"><span class='ocrx_word' id='word_1_25' title='bbox 274 774 324 846; x_wconf 92' lang='lat' dir='ltr'>lia</span> <span class='ocrx_word' id='word_1_26' title='bbox 350 773 596 862; x_wconf 76' lang='lat' dir='ltr'>observatum,</span> <span class='ocrx_word' id='word_1_27' title='bbox 630 775 737 868; x_wconf 81' lang='lat' dir='ltr'>qulm</span> <span class='ocrx_word' id='word_1_28' title='bbox 764 769 859 868; x_wconf 84' lang='lat' dir='ltr'>quod</span> <span class='ocrx_word' id='word_1_29' title='bbox 886 771 924 844; x_wconf 92' lang='lat' dir='ltr'>in</span> <span class='ocrx_word' id='word_1_30' title='bbox 950 771 1033 844; x_wconf 87' lang='lat' dir='ltr'>Gal·</span> <span class='ocrx_word' id='word_1_31' title='bbox 1126 767 1259 857; x_wconf 83' lang='lat' dir='ltr'>chatu,</span> <span class='ocrx_word' id='word_1_32' title='bbox 1288 769 1502 862; x_wconf 80' lang='lat' dir='ltr'>Pentapoli,</span> <span class='ocrx_word' id='word_1_33' title='bbox 1538 770 1689 870; x_wconf 85' lang='lat' dir='ltr'>aliisque</span> <span class='ocrx_word' id='word_1_34' title='bbox 1726 776 1890 847; x_wconf 86' lang='lat' dir='ltr'>Romano</span> 
     </span>
     <span class='ocr_line' id='line_1_5' title="bbox 272 866 1890 1050; baseline 0.001 -100"><span class='ocrx_word' id='word_1_35' title='bbox 272 875 345 1050; x_wconf 52' lang='lat' dir='ltr'>gia,</span> <span class='ocrx_word' id='word_1_36' title='bbox 366 876 426 948; x_wconf 83' lang='lat' dir='ltr'>ubi</span> <span class='ocrx_word' id='word_1_37' title='bbox 446 879 660 950; x_wconf 84' lang='lat' dir='ltr'>Fortunatus</span> <span class='ocrx_word' id='word_1_38' title='bbox 676 873 719 948; x_wconf 85' lang='lat' dir='ltr'>de</span> <span class='ocrx_word' id='word_1_39' title='bbox 741 879 827 973; x_wconf 82' lang='lat' dir='ltr'>Lupe</span> <span class='ocrx_word' id='word_1_40' title='bbox 845 877 933 948; x_wconf 82' lang='lat' dir='ltr'><em>Duce</em></span> <span class='ocrx_word' id='word_1_41' title='bbox 950 872 1035 948; x_wconf 88' lang='lat' dir='ltr'>haec</span> <span class='ocrx_word' id='word_1_42' title='bbox 1126 866 1296 944; x_wconf 86' lang='lat' dir='ltr'>Pontifici</span> <span class='ocrx_word' id='word_1_43' title='bbox 1323 869 1488 973; x_wconf 72' lang='lat' dir='ltr'>subjedlis</span> <span class='ocrx_word' id='word_1_44' title='bbox 1513 873 1716 975; x_wconf 88' lang='lat' dir='ltr'>regionibus</span> <span class='ocrx_word' id='word_1_45' title='bbox 1735 875 1890 952; x_wconf 86' lang='lat' dir='ltr'>accidit.</span> 
     </span>
     <span class='ocr_line' id='line_1_6' title="bbox 132 977 471 1050; baseline -0.003 1"><span class='ocrx_word' id='word_1_46' title='bbox 132 1018 133 1022; x_wconf 33' lang='lat'>¹</span> <span class='ocrx_word' id='word_1_47' title='bbox 290 977 471 1050; x_wconf 86' lang='lat' dir='ltr'>cribebat:</span> 
     </span>
    </p>
   </div>
   <div class='ocr_carea' id='block_1_3' title="bbox 1125 965 1889 1076">
    <p class='ocr_par' dir='ltr' id='par_1_3' title="bbox 1125 965 1889 1076">
     <span class='ocr_line' id='line_1_7' title="bbox 1125 965 1889 1076; baseline 0.008 -31"><span class='ocrx_word' id='word_1_48' title='bbox 1125 974 1235 1046; x_wconf 84' lang='lat' dir='ltr'>l’o&#39;rco</span> <span class='ocrx_word' id='word_1_49' title='bbox 1261 971 1304 1046; x_wconf 89' lang='lat' dir='ltr'>ad</span> <span class='ocrx_word' id='word_1_50' title='bbox 1322 965 1423 1048; x_wconf 76' lang='lat' dir='ltr'>¹lr&#39;unc</span> <span class='ocrx_word' id='word_1_51' title='bbox 1449 971 1563 1076; x_wconf 91' lang='lat' dir='ltr'>ipsum</span> <span class='ocrx_word' id='word_1_52' title='bbox 1594 977 1780 1068; x_wconf 70' lang='lat' dir='ltr'>solennem</span> <span class='ocrx_word' id='word_1_53' title='bbox 1815 983 1889 1051; x_wconf 81' lang='lat' dir='ltr'>Da-</span> 
     </span>
    </p>
   </div>
   <div class='ocr_carea' id='block_1_4' title="bbox 329 1071 1888 1278">
    <p class='ocr_par' dir='ltr' id='par_1_4' title="bbox 329 1071 1888 1278">
     <span class='ocr_line' id='line_1_8' title="bbox 329 1071 1888 1204; baseline -0.018 -33"><span class='ocrx_word' id='word_1_54' title='bbox 329 1133 548 1204; x_wconf 55' lang='lat' dir='ltr'>mam,</span> <span class='ocrx_word' id='word_1_55' title='bbox 564 1131 662 1204; x_wconf 56' lang='lat' dir='ltr'>,mg</span> <span class='ocrx_word' id='word_1_56' title='bbox 718 1092 731 1148; x_wconf 67' lang='grc' dir='ltr'>ι’</span> <span class='ocrx_word' id='word_1_57' title='bbox 857 1129 866 1149; x_wconf 83' lang='grc'><strong>.</strong></span> <span class='ocrx_word' id='word_1_58' title='bbox 992 1131 1039 1174; x_wconf 55' lang='lat'>.‚</span> <span class='ocrx_word' id='word_1_59' title='bbox 1123 1101 1186 1146; x_wconf 84' lang='lat' dir='ltr'>cem</span> <span class='ocrx_word' id='word_1_60' title='bbox 1225 1071 1349 1150; x_wconf 87' lang='lat' dir='ltr'>censeo</span> <span class='ocrx_word' id='word_1_61' title='bbox 1387 1101 1455 1176; x_wconf 88' lang='lat' dir='ltr'>ego</span> <span class='ocrx_word' id='word_1_62' title='bbox 1495 1077 1670 1175; x_wconf 87' lang='lat' dir='ltr'>pertinere</span> <span class='ocrx_word' id='word_1_63' title='bbox 1714 1079 1888 1154; x_wconf 73' lang='lat' dir='ltr'>Chartam</span> 
     </span>
     <span class='ocr_line' id='line_1_9' title="bbox 671 1150 1888 1278; baseline -0.01 -16"><span class='ocrx_word' id='word_1_64' title='bbox 671 1156 785 1225; x_wconf 55' lang='grc' dir='ltr'>’Μ’</span> <span class='ocrx_word' id='word_1_65' title='bbox 807 1150 911 1226; x_wconf 62' lang='lat' dir='ltr'>imm</span> <span class='ocrx_word' id='word_1_66' title='bbox 930 1157 1030 1228; x_wconf 51' lang='lat' dir='ltr'>&#39;‘gi‘&#39;</span> <span class='ocrx_word' id='word_1_67' title='bbox 1122 1175 1287 1278; x_wconf 78' lang='lat' dir='ltr'>scriptam</span> <span class='ocrx_word' id='word_1_68' title='bbox 1326 1183 1435 1252; x_wconf 88' lang='lat' dir='ltr'>Auno</span> <span class='ocrx_word' id='word_1_69' title='bbox 1471 1182 1727 1254; x_wconf 82' lang='lat' dir='ltr'>DCCLlles.</span> <span class='ocrx_word' id='word_1_70' title='bbox 1754 1185 1888 1256; x_wconf 84' lang='lat' dir='ltr'>Kalen·</span> 
     </span>
    </p>
   </div>
   <div class='ocr_carea' id='block_1_5' title="bbox 266 1228 1941 2394">
    <p class='ocr_par' dir='ltr' id='par_1_5' title="bbox 266 1228 1941 2394">
     <span class='ocr_line' id='line_1_10' title="bbox 272 1228 1886 1382; baseline 0.006 -33"><span class='ocrx_word' id='word_1_71' title='bbox 272 1228 396 1331; x_wconf 51' lang='grc' dir='ltr'>ΜΝ</span> <span class='ocrx_word' id='word_1_72' title='bbox 421 1233 561 1350; x_wconf 51' lang='lat' dir='ltr'>ullisque.</span> <span class='ocrx_word' id='word_1_73' title='bbox 593 1231 704 1349; x_wconf 51' lang='grc' dir='ltr'>,Μ’</span> <span class='ocrx_word' id='word_1_74' title='bbox 736 1231 811 1304; x_wconf 59' lang='lat' dir='ltr'>blm</span> <span class='ocrx_word' id='word_1_75' title='bbox 833 1231 956 1324; x_wconf 49' lang='lat' dir='ltr'>‘mss&#39;</span> <span class='ocrx_word' id='word_1_76' title='bbox 990 1232 1035 1303; x_wconf 38' lang='grc' dir='ltr'>’ᾗ</span> <span class='ocrx_word' id='word_1_77' title='bbox 1121 1277 1175 1352; x_wconf 85' lang='lat' dir='ltr'>dis</span> <span class='ocrx_word' id='word_1_78' title='bbox 1209 1277 1298 1370; x_wconf 75' lang='lat' dir='ltr'>lulli</span> <span class='ocrx_word' id='word_1_79' title='bbox 1333 1279 1372 1354; x_wconf 91' lang='lat' dir='ltr'>in</span> <span class='ocrx_word' id='word_1_80' title='bbox 1408 1305 1493 1381; x_wconf 85' lang='lat' dir='ltr'>agro</span> <span class='ocrx_word' id='word_1_81' title='bbox 1533 1275 1744 1357; x_wconf 79' lang='lat' dir='ltr'>Bononiensi</span> <span class='ocrx_word' id='word_1_82' title='bbox 1811 1309 1886 1382; x_wconf 84' lang='lat' dir='ltr'>quo</span> 
     </span>
     <span class='ocr_line' id='line_1_11' title="bbox 422 1333 1888 1484; baseline 0.007 -34"><span class='ocrx_word' id='word_1_83' title='bbox 422 1335 523 1433; x_wconf 48' lang='grc' dir='ltr'>ἕψω</span> <span class='ocrx_word' id='word_1_84' title='bbox 546 1333 655 1406; x_wconf 64' lang='lat' dir='ltr'>&#39;&#39;lm‘&#39;</span> <span class='ocrx_word' id='word_1_85' title='bbox 1122 1401 1280 1482; x_wconf 89' lang='lat' dir='ltr'>tempore</span> <span class='ocrx_word' id='word_1_86' title='bbox 1315 1382 1562 1484; x_wconf 83' lang='lat' dir='ltr'>Langobardis</span> <span class='ocrx_word' id='word_1_87' title='bbox 1598 1341 1771 1461; x_wconf 58' lang='lat' dir='ltr'>bononia,</span> <span class='ocrx_word' id='word_1_88' title='bbox 1788 1386 1888 1460; x_wconf 77' lang='lat' dir='ltr'>sube-</span> 
     </span>
     <span class='ocr_line' id='line_1_12' title="bbox 324 1481 1889 1605; baseline 0 -47"><span class='ocrx_word' id='word_1_89' title='bbox 324 1482 494 1558; x_wconf 85' lang='lat' dir='ltr'>Vidimus</span> <span class='ocrx_word' id='word_1_90' title='bbox 518 1482 685 1557; x_wconf 74' lang='lat' dir='ltr'>baslenus</span> <span class='ocrx_word' id='word_1_91' title='bbox 711 1487 817 1558; x_wconf 83' lang='lat' dir='ltr'>Duces</span> <span class='ocrx_word' id='word_1_92' title='bbox 840 1485 945 1560; x_wconf 88' lang='lat' dir='ltr'>unius</span> <span class='ocrx_word' id='word_1_93' title='bbox 968 1483 1032 1560; x_wconf 85' lang='lat' dir='ltr'>Ci·</span> <span class='ocrx_word' id='word_1_94' title='bbox 1067 1532 1096 1605; x_wconf 77' lang='lat' dir='ltr'>B</span> <span class='ocrx_word' id='word_1_95' title='bbox 1122 1501 1200 1557; x_wconf 86' lang='lat' dir='ltr'>rat.</span> <span class='ocrx_word' id='word_1_96' title='bbox 1230 1485 1271 1556; x_wconf 89' lang='lat' dir='ltr'>In</span> <span class='ocrx_word' id='word_1_97' title='bbox 1297 1481 1392 1558; x_wconf 87' lang='lat' dir='ltr'>bisce</span> <span class='ocrx_word' id='word_1_98' title='bbox 1418 1484 1551 1560; x_wconf 82' lang='lat' dir='ltr'>tabulis</span> <span class='ocrx_word' id='word_1_99' title='bbox 1577 1490 1695 1588; x_wconf 88' lang='lat' dir='ltr'>agitur</span> <span class='ocrx_word' id='word_1_100' title='bbox 1718 1487 1764 1562; x_wconf 90' lang='lat' dir='ltr'>de</span> <span class='ocrx_word' id='word_1_101' title='bbox 1789 1515 1889 1590; x_wconf 84' lang='lat' dir='ltr'>prae·</span> 
     </span>
     <span class='ocr_line' id='line_1_13' title="bbox 272 1581 1890 1692; baseline 0.001 -31"><span class='ocrx_word' id='word_1_102' title='bbox 272 1585 420 1661; x_wconf 83' lang='lat' dir='ltr'>vitatis.</span> <span class='ocrx_word' id='word_1_103' title='bbox 448 1591 494 1659; x_wconf 83' lang='lat' dir='ltr'>Et</span> <span class='ocrx_word' id='word_1_104' title='bbox 519 1585 687 1682; x_wconf 82' lang='lat' dir='ltr'>quoniam</span> <span class='ocrx_word' id='word_1_105' title='bbox 712 1584 804 1660; x_wconf 70' lang='lat' dir='ltr'>satta</span> <span class='ocrx_word' id='word_1_106' title='bbox 824 1585 870 1661; x_wconf 86' lang='lat' dir='ltr'>esl</span> <span class='ocrx_word' id='word_1_107' title='bbox 897 1588 1035 1665; x_wconf 86' lang='lat' dir='ltr'>mentio</span> <span class='ocrx_word' id='word_1_108' title='bbox 1121 1583 1190 1656; x_wconf 88' lang='lat' dir='ltr'>diis</span> <span class='ocrx_word' id='word_1_109' title='bbox 1218 1581 1337 1684; x_wconf 83' lang='lat' dir='ltr'>positis</span> <span class='ocrx_word' id='word_1_110' title='bbox 1364 1585 1403 1660; x_wconf 92' lang='lat' dir='ltr'>in</span> <span class='ocrx_word' id='word_1_111' title='bbox 1431 1583 1554 1680; x_wconf 87' lang='lat' dir='ltr'>Villa,</span> <span class='ocrx_word' id='word_1_112' title='bbox 1575 1615 1665 1690; x_wconf 81' lang='lat' dir='ltr'>quae</span> <span class='ocrx_word' id='word_1_113' title='bbox 1684 1593 1807 1664; x_wconf 66' lang='lat' dir='ltr'>Reddit</span> <span class='ocrx_word' id='word_1_114' title='bbox 1829 1617 1890 1692; x_wconf 76' lang='lat' dir='ltr'>ap·</span> 
     </span>
     <span class='ocr_line' id='line_1_14' title="bbox 274 1685 1941 1788; baseline 0.005 -25"><span class='ocrx_word' id='word_1_115' title='bbox 274 1687 461 1786; x_wconf 81' lang='lat' dir='ltr'>Minulphi</span> <span class='ocrx_word' id='word_1_116' title='bbox 498 1685 599 1758; x_wconf 83' lang='lat' dir='ltr'>Ducis</span> <span class='ocrx_word' id='word_1_117' title='bbox 621 1689 663 1758; x_wconf 81' lang='lat' dir='ltr'>de</span> <span class='ocrx_word' id='word_1_118' title='bbox 689 1689 800 1781; x_wconf 78' lang='lat' dir='ltr'>Insula</span> <span class='ocrx_word' id='word_1_119' title='bbox 833 1689 948 1761; x_wconf 72' lang='lat' dir='ltr'>Senblr&#39;</span> <span class='ocrx_word' id='word_1_120' title='bbox 966 1696 1032 1782; x_wconf 81' lang='lat' dir='ltr'>Ju·</span> <span class='ocrx_word' id='word_1_121' title='bbox 1123 1687 1299 1780; x_wconf 82' lang='lat' dir='ltr'>pellatur,</span> <span class='ocrx_word' id='word_1_122' title='bbox 1336 1687 1374 1762; x_wconf 82' lang='lat' dir='ltr'>ia</span> <span class='ocrx_word' id='word_1_123' title='bbox 1402 1687 1532 1764; x_wconf 81' lang='lat' dir='ltr'>linibus</span> <span class='ocrx_word' id='word_1_124' title='bbox 1559 1688 1658 1788; x_wconf 87' lang='lat' dir='ltr'>supra</span> <span class='ocrx_word' id='word_1_125' title='bbox 1695 1691 1885 1767; x_wconf 89' lang='lat' dir='ltr'>memorati</span> <span class='ocrx_word' id='word_1_126' title='bbox 1939 1768 1941 1771; x_wconf 83' lang='lat'>.</span> 
     </span>
     <span class='ocr_line' id='line_1_15' title="bbox 274 1785 1887 1888; baseline 0.004 -28"><span class='ocrx_word' id='word_1_127' title='bbox 274 1791 337 1878; x_wconf 75' lang='lat' dir='ltr'>tii,</span> <span class='ocrx_word' id='word_1_128' title='bbox 365 1785 583 1888; x_wconf 81' lang='lat' dir='ltr'>conjedlurae</span> <span class='ocrx_word' id='word_1_129' title='bbox 609 1785 654 1862; x_wconf 81' lang='lat' dir='ltr'>fit</span> <span class='ocrx_word' id='word_1_130' title='bbox 680 1791 801 1882; x_wconf 89' lang='lat' dir='ltr'>locus,</span> <span class='ocrx_word' id='word_1_131' title='bbox 828 1787 928 1864; x_wconf 89' lang='lat' dir='ltr'>suisse</span> <span class='ocrx_word' id='word_1_132' title='bbox 944 1789 1034 1864; x_wconf 91' lang='lat' dir='ltr'>olim</span> <span class='ocrx_word' id='word_1_133' title='bbox 1126 1785 1312 1878; x_wconf 83' lang='lat' dir='ltr'>Perficeti,</span> <span class='ocrx_word' id='word_1_134' title='bbox 1349 1789 1403 1863; x_wconf 87' lang='lat' dir='ltr'>uti</span> <span class='ocrx_word' id='word_1_135' title='bbox 1431 1817 1550 1884; x_wconf 89' lang='lat' dir='ltr'>nunc,</span> <span class='ocrx_word' id='word_1_136' title='bbox 1586 1791 1700 1866; x_wconf 86' lang='lat' dir='ltr'>ita&amp;</span> <span class='ocrx_word' id='word_1_137' title='bbox 1726 1819 1770 1869; x_wconf 92' lang='lat' dir='ltr'>eo</span> <span class='ocrx_word' id='word_1_138' title='bbox 1794 1809 1887 1868; x_wconf 86' lang='lat' dir='ltr'>tem·</span> 
     </span>
     <span class='ocr_line' id='line_1_16' title="bbox 273 1887 1887 1991; baseline 0.004 -27"><span class='ocrx_word' id='word_1_139' title='bbox 273 1893 371 1964; x_wconf 85' lang='lat' dir='ltr'>Loca</span> <span class='ocrx_word' id='word_1_140' title='bbox 407 1888 543 1978; x_wconf 85' lang='lat' dir='ltr'>etiam,</span> <span class='ocrx_word' id='word_1_141' title='bbox 582 1887 760 1966; x_wconf 84' lang='lat' dir='ltr'>Civitatis</span> <span class='ocrx_word' id='word_1_142' title='bbox 795 1891 1035 1991; x_wconf 73' lang='lat' dir='ltr'>appellatione</span> <span class='ocrx_word' id='word_1_143' title='bbox 1122 1915 1205 1988; x_wconf 89' lang='lat' dir='ltr'>pore</span> <span class='ocrx_word' id='word_1_144' title='bbox 1229 1887 1292 1960; x_wconf 75' lang='lat' dir='ltr'>sna</span> <span class='ocrx_word' id='word_1_145' title='bbox 1318 1890 1352 1961; x_wconf 71' lang='grc' dir='ltr'>θη</span> <span class='ocrx_word' id='word_1_146' title='bbox 1378 1893 1551 1978; x_wconf 78' lang='lat' dir='ltr'>Terrr‘rorr&#39;r</span> <span class='ocrx_word' id='word_1_147' title='bbox 1576 1895 1778 1987; x_wconf 76' lang='lat' dir='ltr'>Motinenje.</span> <span class='ocrx_word' id='word_1_148' title='bbox 1814 1897 1887 1970; x_wconf 80' lang='lat' dir='ltr'>Eo·</span> 
     </span>
     <span class='ocr_line' id='line_1_17' title="bbox 270 1989 1890 2092; baseline 0.001 -29"><span class='ocrx_word' id='word_1_149' title='bbox 270 2015 491 2088; x_wconf 86' lang='lat' dir='ltr'>nequaquam</span> <span class='ocrx_word' id='word_1_150' title='bbox 519 1989 707 2092; x_wconf 85' lang='lat' dir='ltr'>infignita‚</span> <span class='ocrx_word' id='word_1_151' title='bbox 735 2019 823 2090; x_wconf 88' lang='lat' dir='ltr'>quae</span> <span class='ocrx_word' id='word_1_152' title='bbox 841 1995 861 2065; x_wconf 77' lang='lat' dir='ltr'>b</span> <span class='ocrx_word' id='word_1_153' title='bbox 882 1991 942 2066; x_wconf 91' lang='lat' dir='ltr'>suo</span> <span class='ocrx_word' id='word_1_154' title='bbox 962 2000 1029 2066; x_wconf 70' lang='lat' dir='ltr'>Der</span> <span class='ocrx_word' id='word_1_155' title='bbox 1122 2015 1198 2063; x_wconf 87' lang='lat' dir='ltr'>rum</span> <span class='ocrx_word' id='word_1_156' title='bbox 1225 1990 1392 2065; x_wconf 82' lang='lat' dir='ltr'>venditor</span> <span class='ocrx_word' id='word_1_157' title='bbox 1417 1992 1486 2067; x_wconf 89' lang='lat' dir='ltr'>suit</span> <span class='ocrx_word' id='word_1_158' title='bbox 1502 1997 1674 2087; x_wconf 81' lang='lat' dir='ltr'>Jobannes</span> <span class='ocrx_word' id='word_1_159' title='bbox 1692 2003 1792 2086; x_wconf 70' lang='lat' dir='ltr'>Dux,</span> <span class='ocrx_word' id='word_1_160' title='bbox 1811 2023 1890 2072; x_wconf 67' lang='lat' dir='ltr'>ema</span> 
     </span>
     <span class='ocr_line' id='line_1_18' title="bbox 266 2091 1886 2194; baseline 0.003 -30"><span class='ocrx_word' id='word_1_161' title='bbox 266 2112 549 2192; x_wconf 68' lang='lat' dir='ltr'>mergerentur.</span> <span class='ocrx_word' id='word_1_162' title='bbox 582 2093 697 2165; x_wconf 80' lang='lat' dir='ltr'>Insula</span> <span class='ocrx_word' id='word_1_163' title='bbox 724 2091 883 2194; x_wconf 71' lang='lat' dir='ltr'>proseblo</span> <span class='ocrx_word' id='word_1_164' title='bbox 910 2094 1028 2169; x_wconf 73' lang='lat' dir='ltr'>Sancti</span> <span class='ocrx_word' id='word_1_165' title='bbox 1122 2093 1194 2166; x_wconf 87' lang='lat' dir='ltr'>trix</span> <span class='ocrx_word' id='word_1_166' title='bbox 1220 2098 1308 2166; x_wconf 80' lang='lat' dir='ltr'>verb</span> <span class='ocrx_word' id='word_1_167' title='bbox 1331 2093 1535 2191; x_wconf 75' lang='lat' dir='ltr'>Anselberga</span> <span class='ocrx_word' id='word_1_168' title='bbox 1560 2096 1737 2190; x_wconf 72' lang='lat' dir='ltr'>Abbatrffa</span> <span class='ocrx_word' id='word_1_169' title='bbox 1769 2099 1886 2172; x_wconf 78' lang='lat' dir='ltr'>Sanllr&#39;</span> 
     </span>
     <span class='ocr_line' id='line_1_19' title="bbox 267 2191 1889 2294; baseline 0.006 -29"><span class='ocrx_word' id='word_1_170' title='bbox 267 2193 356 2286; x_wconf 74' lang='lat' dir='ltr'>Iulii</span> <span class='ocrx_word' id='word_1_171' title='bbox 377 2193 415 2268; x_wconf 94' lang='lat' dir='ltr'>in</span> <span class='ocrx_word' id='word_1_172' title='bbox 435 2191 592 2270; x_wconf 78' lang='lat' dir='ltr'>Dioecesr</span> <span class='ocrx_word' id='word_1_173' title='bbox 616 2193 823 2271; x_wconf 86' lang='lat' dir='ltr'>Novariensi</span> <span class='ocrx_word' id='word_1_174' title='bbox 843 2193 1033 2294; x_wconf 71' lang='lat' dir='ltr'>fitasquae</span> <span class='ocrx_word' id='word_1_175' title='bbox 1122 2193 1331 2286; x_wconf 72' lang='lat' dir='ltr'>salomnis,</span> <span class='ocrx_word' id='word_1_176' title='bbox 1366 2221 1459 2270; x_wconf 90' lang='lat' dir='ltr'>nunc</span> <span class='ocrx_word' id='word_1_177' title='bbox 1495 2196 1641 2270; x_wconf 72' lang='lat' dir='ltr'>sanstae</span> <span class='ocrx_word' id='word_1_178' title='bbox 1665 2199 1781 2288; x_wconf 86' lang='lat' dir='ltr'>Jullae</span> <span class='ocrx_word' id='word_1_179' title='bbox 1808 2199 1889 2275; x_wconf 77' lang='lat' dir='ltr'>uri·</span> 
     </span>
     <span class='ocr_line' id='line_1_20' title="bbox 268 2295 1887 2394; baseline 0.006 -26"><span class='ocrx_word' id='word_1_180' title='bbox 268 2295 566 2390; x_wconf 80' lang='lat' dir='ltr'>quemadmodum</span> <span class='ocrx_word' id='word_1_181' title='bbox 602 2298 623 2368; x_wconf 72' lang='lat' dir='ltr'>d</span> <span class='ocrx_word' id='word_1_182' title='bbox 657 2296 781 2370; x_wconf 85' lang='lat' dir='ltr'>multis</span> <span class='ocrx_word' id='word_1_183' title='bbox 817 2301 972 2371; x_wconf 82' lang='lat' dir='ltr'>Saeculis</span> <span class='ocrx_word' id='word_1_184' title='bbox 998 2327 1030 2372; x_wconf 91' lang='lat' dir='ltr'>e·</span> <span class='ocrx_word' id='word_1_185' title='bbox 1122 2296 1247 2369; x_wconf 87' lang='lat' dir='ltr'>xianae</span> <span class='ocrx_word' id='word_1_186' title='bbox 1272 2295 1471 2385; x_wconf 80' lang='lat' dir='ltr'>Civitatis,</span> <span class='ocrx_word' id='word_1_187' title='bbox 1491 2297 1624 2372; x_wconf 83' lang='lat' dir='ltr'>bocell</span> <span class='ocrx_word' id='word_1_188' title='bbox 1648 2299 1770 2374; x_wconf 90' lang='lat' dir='ltr'>eadem</span> <span class='ocrx_word' id='word_1_189' title='bbox 1796 2301 1887 2394; x_wconf 81' lang='lat' dir='ltr'>illa,</span> 
     </span>
    </p>
   </div>
   <div class='ocr_carea' id='block_1_6' title="bbox 268 2497 1888 3612">
    <p class='ocr_par' dir='ltr' id='par_1_6' title="bbox 268 2497 1888 3612">
     <span class='ocr_line' id='line_1_21' title="bbox 269 2497 1884 2603; baseline 0.002 -29"><span class='ocrx_word' id='word_1_190' title='bbox 269 2500 402 2576; x_wconf 82' lang='lat' dir='ltr'>talibus</span> <span class='ocrx_word' id='word_1_191' title='bbox 440 2497 592 2602; x_wconf 75' lang='lat' dir='ltr'>subjedla</span> <span class='ocrx_word' id='word_1_192' title='bbox 626 2497 724 2590; x_wconf 87' lang='lat' dir='ltr'>suit,</span> <span class='ocrx_word' id='word_1_193' title='bbox 759 2498 812 2572; x_wconf 91' lang='lat' dir='ltr'>ita</span> <span class='ocrx_word' id='word_1_194' title='bbox 846 2499 882 2572; x_wconf 76' lang='grc' dir='ltr'>δε</span> <span class='ocrx_word' id='word_1_195' title='bbox 918 2499 1032 2574; x_wconf 88' lang='lat' dir='ltr'>noslro</span> <span class='ocrx_word' id='word_1_196' title='bbox 1121 2497 1282 2572; x_wconf 88' lang='lat' dir='ltr'>llremum</span> <span class='ocrx_word' id='word_1_197' title='bbox 1309 2498 1623 2600; x_wconf 77' lang='lat' dir='ltr'>Langobardorum</span> <span class='ocrx_word' id='word_1_198' title='bbox 1653 2507 1812 2603; x_wconf 85' lang='lat' dir='ltr'>Regem,</span> <span class='ocrx_word' id='word_1_199' title='bbox 1846 2505 1884 2577; x_wconf 75' lang='lat' dir='ltr'>bt</span> 
     </span>
     <span class='ocr_line' id='line_1_22' title="bbox 268 2597 1888 2702; baseline -0.002 -26"><span class='ocrx_word' id='word_1_200' title='bbox 268 2629 358 2677; x_wconf 82' lang='lat' dir='ltr'>aevo</span> <span class='ocrx_word' id='word_1_201' title='bbox 377 2605 421 2677; x_wconf 89' lang='lat' dir='ltr'>ab</span> <span class='ocrx_word' id='word_1_202' title='bbox 439 2599 657 2700; x_wconf 87' lang='lat' dir='ltr'>amplissimo</span> <span class='ocrx_word' id='word_1_203' title='bbox 673 2597 861 2676; x_wconf 86' lang='lat' dir='ltr'>Cardinali</span> <span class='ocrx_word' id='word_1_204' title='bbox 881 2606 914 2675; x_wconf 85' lang='lat' dir='ltr'>S.</span> <span class='ocrx_word' id='word_1_205' title='bbox 932 2605 974 2675; x_wconf 89' lang='lat' dir='ltr'>R.</span> <span class='ocrx_word' id='word_1_206' title='bbox 990 2606 1031 2677; x_wconf 86' lang='lat' dir='ltr'>E.</span> <span class='ocrx_word' id='word_1_207' title='bbox 1123 2600 1234 2698; x_wconf 91' lang='lat' dir='ltr'>prima</span> <span class='ocrx_word' id='word_1_208' title='bbox 1261 2600 1447 2676; x_wconf 88' lang='lat' dir='ltr'>Abbatissa</span> <span class='ocrx_word' id='word_1_209' title='bbox 1474 2599 1603 2702; x_wconf 83' lang='lat' dir='ltr'>insgni</span> <span class='ocrx_word' id='word_1_210' title='bbox 1630 2601 1689 2677; x_wconf 88' lang='lat' dir='ltr'>illi</span> <span class='ocrx_word' id='word_1_211' title='bbox 1709 2604 1888 2682; x_wconf 71' lang='lat' dir='ltr'>Monallea</span> 
     </span>
     <span class='ocr_line' id='line_1_23' title="bbox 269 2699 1887 2818; baseline -0.001 -40"><span class='ocrx_word' id='word_1_212' title='bbox 269 2701 421 2779; x_wconf 84' lang='lat' dir='ltr'>Gilierto</span> <span class='ocrx_word' id='word_1_213' title='bbox 448 2705 649 2778; x_wconf 88' lang='lat' dir='ltr'>Bnnromeo</span> <span class='ocrx_word' id='word_1_214' title='bbox 680 2701 871 2798; x_wconf 26' lang='lat' dir='ltr'>Novariae·</span> <span class='ocrx_word' id='word_1_215' title='bbox 887 2701 1029 2794; x_wconf 86' lang='lat' dir='ltr'>Episco·</span> <span class='ocrx_word' id='word_1_216' title='bbox 1122 2699 1177 2818; x_wconf 77' lang='lat' dir='ltr'>rio</span> <span class='ocrx_word' id='word_1_217' title='bbox 1200 2700 1374 2798; x_wconf 87' lang='lat' dir='ltr'>praefuit,</span> <span class='ocrx_word' id='word_1_218' title='bbox 1398 2702 1493 2802; x_wconf 90' lang='lat' dir='ltr'>quod</span> <span class='ocrx_word' id='word_1_219' title='bbox 1520 2706 1540 2778; x_wconf 80' lang='lat' dir='ltr'>l</span> <span class='ocrx_word' id='word_1_220' title='bbox 1566 2701 1806 2784; x_wconf 86' lang='lat' dir='ltr'>fundamentis</span> <span class='ocrx_word' id='word_1_221' title='bbox 1824 2735 1887 2784; x_wconf 81' lang='lat' dir='ltr'>ex.</span> 
     </span>
     <span class='ocr_line' id='line_1_24' title="bbox 270 2805 1885 3006; baseline 0.003 -28"><span class='ocrx_word' id='word_1_222' title='bbox 270 2821 521 3006; x_wconf 60' lang='lat' dir='ltr'>llnlbll’)</span> <span class='ocrx_word' id='word_1_223' title='bbox 549 2805 1033 3006; x_wconf 44' lang='lat' dir='ltr'>subdifficilis?</span> <span class='ocrx_word' id='word_1_224' title='bbox 1121 2822 1365 2978; x_wconf 62' lang='lat' dir='ltr'>ltlnllss</span> <span class='ocrx_word' id='word_1_225' title='bbox 1386 2807 1564 2978; x_wconf 56' lang='lat' dir='ltr'>all‘llo</span> <span class='ocrx_word' id='word_1_226' title='bbox 1581 2809 1885 3006; x_wconf 59' lang='lat' dir='ltr'>Psslilllllrlssll</span> 
     </span>
     <span class='ocr_line' id='line_1_25' title="bbox 270 3003 1883 3112; baseline 0 -32"><span class='ocrx_word' id='word_1_227' title='bbox 270 3007 391 3080; x_wconf 85' lang='lat' dir='ltr'>tulisse</span> <span class='ocrx_word' id='word_1_228' title='bbox 414 3005 573 3096; x_wconf 82' lang='lat' dir='ltr'>videtur,</span> <span class='ocrx_word' id='word_1_229' title='bbox 599 3025 640 3080; x_wconf 89' lang='lat' dir='ltr'>ut</span> <span class='ocrx_word' id='word_1_230' title='bbox 658 3006 857 3081; x_wconf 81' lang='lat' dir='ltr'>Civitatem</span> <span class='ocrx_word' id='word_1_231' title='bbox 878 3005 950 3082; x_wconf 88' lang='lat' dir='ltr'>srnu</span> <span class='ocrx_word' id='word_1_232' title='bbox 970 3006 1030 3082; x_wconf 90' lang='lat' dir='ltr'>suo</span> <span class='ocrx_word' id='word_1_233' title='bbox 1120 3003 1332 3094; x_wconf 86' lang='lat' dir='ltr'>Coenobia,</span> <span class='ocrx_word' id='word_1_234' title='bbox 1357 3007 1393 3076; x_wconf 79' lang='grc' dir='ltr'>δι</span> <span class='ocrx_word' id='word_1_235' title='bbox 1420 3003 1493 3102; x_wconf 92' lang='lat' dir='ltr'>ipsa</span> <span class='ocrx_word' id='word_1_236' title='bbox 1520 3003 1666 3080; x_wconf 84' lang='lat' dir='ltr'>fundata</span> <span class='ocrx_word' id='word_1_237' title='bbox 1687 3008 1712 3087; x_wconf 71' lang='lat' dir='ltr'>b</span> <span class='ocrx_word' id='word_1_238' title='bbox 1730 3013 1883 3112; x_wconf 74' lang='lat' dir='ltr'>Longo·</span> 
     </span>
     <span class='ocr_line' id='line_1_26' title="bbox 272 3103 1883 3208; baseline 0.004 -26"><span class='ocrx_word' id='word_1_239' title='bbox 272 3105 585 3208; x_wconf 76' lang='lat' dir='ltr'>complebleretuc.</span> <span class='ocrx_word' id='word_1_240' title='bbox 621 3107 679 3181; x_wconf 89' lang='lat' dir='ltr'>Ad</span> <span class='ocrx_word' id='word_1_241' title='bbox 714 3106 798 3182; x_wconf 88' lang='lat' dir='ltr'>haec</span> <span class='ocrx_word' id='word_1_242' title='bbox 834 3108 872 3182; x_wconf 88' lang='lat' dir='ltr'>in</span> <span class='ocrx_word' id='word_1_243' title='bbox 899 3113 1030 3184; x_wconf 84' lang='lat' dir='ltr'>Monu-</span> <span class='ocrx_word' id='word_1_244' title='bbox 1122 3104 1236 3178; x_wconf 89' lang='lat' dir='ltr'>bardis</span> <span class='ocrx_word' id='word_1_245' title='bbox 1271 3103 1540 3204; x_wconf 85' lang='lat' dir='ltr'>Optimatibus,</span> <span class='ocrx_word' id='word_1_246' title='bbox 1575 3133 1725 3205; x_wconf 90' lang='lat' dir='ltr'>quorum</span> <span class='ocrx_word' id='word_1_247' title='bbox 1763 3127 1883 3188; x_wconf 90' lang='lat' dir='ltr'>tamen</span> 
     </span>
     <span class='ocr_line' id='line_1_27' title="bbox 273 3207 1886 3314; baseline 0.003 -31"><span class='ocrx_word' id='word_1_248' title='bbox 273 3209 405 3284; x_wconf 88' lang='lat' dir='ltr'>mentis</span> <span class='ocrx_word' id='word_1_249' title='bbox 424 3207 669 3283; x_wconf 83' lang='lat' dir='ltr'>celeberrimae</span> <span class='ocrx_word' id='word_1_250' title='bbox 688 3207 865 3284; x_wconf 87' lang='lat' dir='ltr'>Abbatiae</span> <span class='ocrx_word' id='word_1_251' title='bbox 886 3213 1029 3286; x_wconf 82' lang='lat' dir='ltr'>Nonan·</span> <span class='ocrx_word' id='word_1_252' title='bbox 1124 3221 1265 3306; x_wconf 84' lang='lat' dir='ltr'>gentem</span> <span class='ocrx_word' id='word_1_253' title='bbox 1303 3207 1470 3282; x_wconf 85' lang='lat' dir='ltr'>nonnulli</span> <span class='ocrx_word' id='word_1_254' title='bbox 1510 3210 1662 3284; x_wconf 89' lang='lat' dir='ltr'>lacerare</span> <span class='ocrx_word' id='word_1_255' title='bbox 1703 3231 1886 3314; x_wconf 77' lang='lat' dir='ltr'>pergunt,</span> 
     </span>
     <span class='ocr_line' id='line_1_28' title="bbox 270 3305 1885 3412; baseline 0.005 -28"><span class='ocrx_word' id='word_1_256' title='bbox 270 3313 414 3384; x_wconf 90' lang='lat' dir='ltr'>tulanae</span> <span class='ocrx_word' id='word_1_257' title='bbox 438 3311 477 3383; x_wconf 94' lang='lat' dir='ltr'>in</span> <span class='ocrx_word' id='word_1_258' title='bbox 505 3307 697 3385; x_wconf 74' lang='lat' dir='ltr'>Mutinensi</span> <span class='ocrx_word' id='word_1_259' title='bbox 718 3337 802 3412; x_wconf 88' lang='lat' dir='ltr'>agro</span> <span class='ocrx_word' id='word_1_260' title='bbox 821 3308 925 3404; x_wconf 79' lang='lat' dir='ltr'>setae,</span> <span class='ocrx_word' id='word_1_261' title='bbox 944 3337 1029 3411; x_wconf 87' lang='lat' dir='ltr'>quo·</span> <span class='ocrx_word' id='word_1_262' title='bbox 1121 3305 1214 3406; x_wconf 89' lang='lat' dir='ltr'>quali</span> <span class='ocrx_word' id='word_1_263' title='bbox 1241 3307 1494 3409; x_wconf 79' lang='lat' dir='ltr'>Langobardos</span> <span class='ocrx_word' id='word_1_264' title='bbox 1530 3309 1649 3384; x_wconf 85' lang='lat' dir='ltr'>Vitia</span> <span class='ocrx_word' id='word_1_265' title='bbox 1670 3315 1793 3388; x_wconf 82' lang='lat' dir='ltr'>omnia</span> <span class='ocrx_word' id='word_1_266' title='bbox 1826 3316 1885 3392; x_wconf 84' lang='lat' dir='ltr'>de·</span> 
     </span>
     <span class='ocr_line' id='line_1_29' title="bbox 268 3409 1884 3510; baseline 0.002 -22"><span class='ocrx_word' id='word_1_267' title='bbox 268 3437 348 3488; x_wconf 89' lang='lat' dir='ltr'>rum</span> <span class='ocrx_word' id='word_1_268' title='bbox 385 3411 668 3510; x_wconf 84' lang='lat' dir='ltr'>compendiosam</span> <span class='ocrx_word' id='word_1_269' title='bbox 706 3411 829 3486; x_wconf 86' lang='lat' dir='ltr'>seriem</span> <span class='ocrx_word' id='word_1_270' title='bbox 866 3411 958 3487; x_wconf 80' lang='lat' dir='ltr'>insta</span> <span class='ocrx_word' id='word_1_271' title='bbox 993 3413 1031 3488; x_wconf 92' lang='lat' dir='ltr'>in</span> <span class='ocrx_word' id='word_1_272' title='bbox 1123 3409 1330 3509; x_wconf 87' lang='lat' dir='ltr'>turparint,</span> <span class='ocrx_word' id='word_1_273' title='bbox 1370 3409 1497 3484; x_wconf 85' lang='lat' dir='ltr'>chorus</span> <span class='ocrx_word' id='word_1_274' title='bbox 1536 3431 1654 3486; x_wconf 86' lang='lat' dir='ltr'>autem</span> <span class='ocrx_word' id='word_1_275' title='bbox 1695 3415 1884 3494; x_wconf 86' lang='lat' dir='ltr'>Virtutum</span> 
     </span>
     <span class='ocr_line' id='line_1_30' title="bbox 270 3509 1886 3612; baseline -0.002 -24"><span class='ocrx_word' id='word_1_276' title='bbox 270 3513 414 3588; x_wconf 75' lang='lat' dir='ltr'>niffen.</span> <span class='ocrx_word' id='word_1_277' title='bbox 440 3517 594 3591; x_wconf 81' lang='lat' dir='ltr'>vatt.</span> <span class='ocrx_word' id='word_1_278' title='bbox 621 3521 662 3586; x_wconf 77' lang='lat' dir='ltr'>de</span> <span class='ocrx_word' id='word_1_279' title='bbox 685 3517 767 3586; x_wconf 80' lang='lat' dir='ltr'>mod.</span> <span class='ocrx_word' id='word_1_280' title='bbox 793 3515 971 3612; x_wconf 77' lang='lat' dir='ltr'>acquirend.</span> <span class='ocrx_word' id='word_1_281' title='bbox 997 3543 1051 3589; x_wconf 82' lang='lat' dir='ltr'>e·.</span> <span class='ocrx_word' id='word_1_282' title='bbox 1122 3509 1220 3584; x_wconf 92' lang='lat' dir='ltr'>domi</span> <span class='ocrx_word' id='word_1_283' title='bbox 1246 3527 1388 3585; x_wconf 87' lang='lat' dir='ltr'>tantum</span> <span class='ocrx_word' id='word_1_284' title='bbox 1412 3537 1535 3586; x_wconf 88' lang='lat' dir='ltr'>eorum</span> <span class='ocrx_word' id='word_1_285' title='bbox 1572 3513 1805 3609; x_wconf 85' lang='lat' dir='ltr'>placidissime</span> <span class='ocrx_word' id='word_1_286' title='bbox 1834 3517 1886 3592; x_wconf 86' lang='lat' dir='ltr'>se.</span> 
     </span>
    </p>
   </div>
   <div class='ocr_carea' id='block_1_7' title="bbox 266 3613 1033 4724">
    <p class='ocr_par' dir='ltr' id='par_1_7' title="bbox 266 3613 1033 4724">
     <span class='ocr_line' id='line_1_31' title="bbox 267 3613 1028 3716; baseline 0 -26"><span class='ocrx_word' id='word_1_287' title='bbox 267 3617 456 3716; x_wconf 85' lang='lat' dir='ltr'>vulgabo,</span> <span class='ocrx_word' id='word_1_288' title='bbox 494 3613 555 3688; x_wconf 86' lang='lat' dir='ltr'>sub</span> <span class='ocrx_word' id='word_1_289' title='bbox 581 3618 715 3690; x_wconf 88' lang='lat' dir='ltr'>Carolo</span> <span class='ocrx_word' id='word_1_290' title='bbox 743 3619 879 3712; x_wconf 77' lang='lat' dir='ltr'>Magno</span> <span class='ocrx_word' id='word_1_291' title='bbox 914 3616 1028 3690; x_wconf 80' lang='lat' dir='ltr'>bomi-</span> 
     </span>
     <span class='ocr_line' id='line_1_32' title="bbox 271 3713 1033 3810; baseline 0 -20"><span class='ocrx_word' id='word_1_292' title='bbox 271 3737 373 3791; x_wconf 82' lang='lat' dir='ltr'>natur</span> <span class='ocrx_word' id='word_1_293' title='bbox 390 3721 422 3810; x_wconf 89' lang='lat' dir='ltr'><em>J</em></span> <span class='ocrx_word' id='word_1_294' title='bbox 423 3717 559 3788; x_wconf 77' lang='lat' dir='ltr'>obantes</span> <span class='ocrx_word' id='word_1_295' title='bbox 585 3723 664 3790; x_wconf 81' lang='lat' dir='ltr'>Dux</span> <span class='ocrx_word' id='word_1_296' title='bbox 688 3713 858 3810; x_wconf 80' lang='lat' dir='ltr'>Perlieerr’,</span> <span class='ocrx_word' id='word_1_297' title='bbox 885 3719 930 3788; x_wconf 73' lang='grc'>(9·</span> <span class='ocrx_word' id='word_1_298' title='bbox 949 3725 1033 3790; x_wconf 80' lang='lat' dir='ltr'>Pon·</span> 
     </span>
     <span class='ocr_line' id='line_1_33' title="bbox 271 3816 1031 3918; baseline 0 -27"><span class='ocrx_word' id='word_1_299' title='bbox 271 3821 317 3891; x_wconf 77' lang='lat' dir='ltr'>tir</span> <span class='ocrx_word' id='word_1_300' title='bbox 342 3819 468 3892; x_wconf 81' lang='lat' dir='ltr'>Duris.&#39;</span> <span class='ocrx_word' id='word_1_301' title='bbox 486 3816 627 3912; x_wconf 77' lang='lat' dir='ltr'>Quibus</span> <span class='ocrx_word' id='word_1_302' title='bbox 654 3819 786 3892; x_wconf 87' lang='lat' dir='ltr'>tabulis</span> <span class='ocrx_word' id='word_1_303' title='bbox 810 3818 971 3918; x_wconf 84' lang='lat' dir='ltr'>Scriptor</span> <span class='ocrx_word' id='word_1_304' title='bbox 988 3818 1031 3891; x_wconf 82' lang='lat' dir='ltr'>il.</span> 
     </span>
     <span class='ocr_line' id='line_1_34' title="bbox 271 3917 1032 4016; baseline 0 -22"><span class='ocrx_word' id='word_1_305' title='bbox 271 3920 305 3994; x_wconf 83' lang='lat' dir='ltr'>le</span> <span class='ocrx_word' id='word_1_306' title='bbox 331 3919 525 4010; x_wconf 76' lang='lat' dir='ltr'>Iohannem</span> <span class='ocrx_word' id='word_1_307' title='bbox 563 3919 577 4016; x_wconf 91' lang='lat'><strong>(</strong></span> <span class='ocrx_word' id='word_1_308' title='bbox 593 3938 688 3992; x_wconf 84' lang='lat' dir='ltr'>certe</span> <span class='ocrx_word' id='word_1_309' title='bbox 725 3925 874 4016; x_wconf 79' lang='lat' dir='ltr'>Ducem)</span> <span class='ocrx_word' id='word_1_310' title='bbox 910 3917 1032 3994; x_wconf 75' lang='lat' dir='ltr'>instri-</span> 
     </span>
     <span class='ocr_line' id='line_1_35' title="bbox 269 4017 1031 4124; baseline -0.003 -32"><span class='ocrx_word' id='word_1_311' title='bbox 269 4017 378 4124; x_wconf 85' lang='lat' dir='ltr'>pserit</span> <span class='ocrx_word' id='word_1_312' title='bbox 396 4018 545 4106; x_wconf 75' lang='lat' dir='ltr'>Perjieeti</span> <span class='ocrx_word' id='word_1_313' title='bbox 569 4019 616 4089; x_wconf 70' lang='lat'>&amp;⁹</span> <span class='ocrx_word' id='word_1_314' title='bbox 640 4020 755 4090; x_wconf 83' lang='lat' dir='ltr'>Pontis</span> <span class='ocrx_word' id='word_1_315' title='bbox 772 4020 873 4092; x_wconf 80' lang='lat' dir='ltr'>Duris</span> <span class='ocrx_word' id='word_1_316' title='bbox 891 4026 1031 4112; x_wconf 81' lang='lat' dir='ltr'>Ducem,</span> 
     </span>
     <span class='ocr_line' id='line_1_36' title="bbox 267 4117 1031 4210; baseline -0.004 -13"><span class='ocrx_word' id='word_1_317' title='bbox 267 4123 426 4197; x_wconf 86' lang='lat' dir='ltr'>minime·</span> <span class='ocrx_word' id='word_1_318' title='bbox 445 4120 562 4195; x_wconf 79' lang='lat' dir='ltr'>novi·</span> <span class='ocrx_word' id='word_1_319' title='bbox 589 4119 691 4210; x_wconf 87' lang='lat' dir='ltr'>Adi,</span> <span class='ocrx_word' id='word_1_320' title='bbox 726 4117 750 4193; x_wconf 83' lang='lat' dir='ltr'><strong>fi</strong></span> <span class='ocrx_word' id='word_1_321' title='bbox 777 4123 904 4210; x_wconf 88' lang='lat' dir='ltr'>lubet,</span> <span class='ocrx_word' id='word_1_322' title='bbox 939 4121 1031 4195; x_wconf 84' lang='lat' dir='ltr'>infra</span> 
     </span>
     <span class='ocr_line' id='line_1_37' title="bbox 269 4223 1030 4300; baseline -0.009 0"><span class='ocrx_word' id='word_1_323' title='bbox 269 4223 450 4300; x_wconf 70' lang='lat' dir='ltr'>Disserere.</span> <span class='ocrx_word' id='word_1_324' title='bbox 478 4223 576 4294; x_wconf 80' lang='lat' dir='ltr'>Xlss.</span> <span class='ocrx_word' id='word_1_325' title='bbox 601 4233 638 4292; x_wconf 80' lang='lat' dir='ltr'>de</span> <span class='ocrx_word' id='word_1_326' title='bbox 666 4227 763 4296; x_wconf 74' lang='lat' dir='ltr'>seara</span> <span class='ocrx_word' id='word_1_327' title='bbox 798 4223 937 4296; x_wconf 81' lang='lat' dir='ltr'>ltaliae.</span> <span class='ocrx_word' id='word_1_328' title='bbox 976 4226 1030 4294; x_wconf 88' lang='lat' dir='ltr'>ln·</span> 
     </span>
     <span class='ocr_line' id='line_1_38' title="bbox 267 4321 1029 4423; baseline -0.003 -23"><span class='ocrx_word' id='word_1_329' title='bbox 267 4341 363 4400; x_wconf 84' lang='lat' dir='ltr'>terea</span> <span class='ocrx_word' id='word_1_330' title='bbox 378 4323 530 4423; x_wconf 83' lang='lat' dir='ltr'>-quando</span> <span class='ocrx_word' id='word_1_331' title='bbox 555 4321 700 4396; x_wconf 82' lang='lat' dir='ltr'>statuere</span> <span class='ocrx_word' id='word_1_332' title='bbox 728 4323 904 4414; x_wconf 85' lang='lat' dir='ltr'>velimus,</span> <span class='ocrx_word' id='word_1_333' title='bbox 926 4323 1029 4406; x_wconf 72' lang='lat' dir='ltr'>Perli-</span> 
     </span>
     <span class='ocr_line' id='line_1_39' title="bbox 266 4423 1029 4524; baseline 0 -26"><span class='ocrx_word' id='word_1_334' title='bbox 266 4449 368 4498; x_wconf 82' lang='lat' dir='ltr'>retum</span> <span class='ocrx_word' id='word_1_335' title='bbox 396 4423 672 4524; x_wconf 85' lang='lat' dir='ltr'>appellationem</span> <span class='ocrx_word' id='word_1_336' title='bbox 710 4426 810 4497; x_wconf 73' lang='lat' dir='ltr'>Duris</span> <span class='ocrx_word' id='word_1_337' title='bbox 844 4425 1029 4498; x_wconf 84' lang='lat' dir='ltr'>contulisse</span> 
     </span>
     <span class='ocr_line' id='line_1_40' title="bbox 268 4523 1029 4623; baseline -0.004 -21"><span class='ocrx_word' id='word_1_338' title='bbox 268 4544 467 4602; x_wconf 87' lang='lat' dir='ltr'>memorato</span> <span class='ocrx_word' id='word_1_339' title='bbox 491 4525 667 4615; x_wconf 73' lang='lat' dir='ltr'>johanni,</span> <span class='ocrx_word' id='word_1_340' title='bbox 688 4523 901 4623; x_wconf 80' lang='lat' dir='ltr'>consequens</span> <span class='ocrx_word' id='word_1_341' title='bbox 920 4525 1029 4599; x_wconf 84' lang='lat' dir='ltr'>etiam</span> 
     </span>
     <span class='ocr_line' id='line_1_41' title="bbox 266 4625 1030 4724; baseline -0.001 -21"><span class='ocrx_word' id='word_1_342' title='bbox 266 4633 365 4724; x_wconf 83' lang='lat' dir='ltr'>erit,</span> <span class='ocrx_word' id='word_1_343' title='bbox 401 4645 604 4702; x_wconf 77' lang='lat' dir='ltr'>numeratos</span> <span class='ocrx_word' id='word_1_344' title='bbox 637 4625 730 4706; x_wconf 84' lang='lat' dir='ltr'>olim</span> <span class='ocrx_word' id='word_1_345' title='bbox 754 4625 856 4708; x_wconf 78' lang='lat' dir='ltr'>saissa</span> <span class='ocrx_word' id='word_1_346' title='bbox 889 4631 1030 4720; x_wconf 77' lang='lat' dir='ltr'>Duces,</span> 
     </span>
    </p>
   </div>
   <div class='ocr_carea' id='block_1_8' title="bbox 1119 3609 1982 4624">
    <p class='ocr_par' dir='ltr' id='par_1_8' title="bbox 1120 3609 1884 3996">
     <span class='ocr_line' id='line_1_42' title="bbox 1120 3609 1883 3718; baseline 0.01 -34"><span class='ocrx_word' id='word_1_347' title='bbox 1120 3609 1239 3704; x_wconf 87' lang='lat' dir='ltr'>deret,</span> <span class='ocrx_word' id='word_1_348' title='bbox 1264 3611 1399 3710; x_wconf 84' lang='lat' dir='ltr'>quiex</span> <span class='ocrx_word' id='word_1_349' title='bbox 1426 3611 1740 3714; x_wconf 81' lang='lat' dir='ltr'>Langobardorum</span> <span class='ocrx_word' id='word_1_350' title='bbox 1759 3616 1883 3718; x_wconf 82' lang='lat' dir='ltr'>spoliie</span> 
     </span>
     <span class='ocr_line' id='line_1_43' title="bbox 1121 3711 1884 3815; baseline 0.004 -31"><span class='ocrx_word' id='word_1_351' title='bbox 1121 3711 1318 3812; x_wconf 85' lang='lat' dir='ltr'>potentiam</span> <span class='ocrx_word' id='word_1_352' title='bbox 1345 3711 1440 3787; x_wconf 89' lang='lat' dir='ltr'>suam</span> <span class='ocrx_word' id='word_1_353' title='bbox 1476 3711 1768 3815; x_wconf 71' lang='lat' dir='ltr'>amplificarunt⁴</span> <span class='ocrx_word' id='word_1_354' title='bbox 1802 3714 1884 3810; x_wconf 82' lang='lat' dir='ltr'>Me.</span> 
     </span>
     <span class='ocr_line' id='line_1_44' title="bbox 1120 3814 1884 3996; baseline 0.01 -7"><span class='ocrx_word' id='word_1_355' title='bbox 1120 3814 1738 3992; x_wconf 61' lang='lat' dir='ltr'>ll&#39;ll‘rlsslllmnllrll?</span> <span class='ocrx_word' id='word_1_356' title='bbox 1761 3820 1884 3996; x_wconf 56' lang='lat'>¹²3⁶*</span> 
     </span>
    </p>

    <p class='ocr_par' dir='ltr' id='par_1_9' title="bbox 1119 3949 1982 4624">
     <span class='ocr_line' id='line_1_45' title="bbox 1719 3949 1929 3998; baseline -0.005 -5"><span class='ocrx_word' id='word_1_357' title='bbox 1719 3949 1773 3993; x_wconf 70' lang='lat' dir='ltr'>sim</span> <span class='ocrx_word' id='word_1_358' title='bbox 1823 3949 1885 3998; x_wconf 74' lang='lat' dir='ltr'>an&#39;·</span> <span class='ocrx_word' id='word_1_359' title='bbox 1923 3979 1929 3992; x_wconf 91' lang='lat'>.</span> 
     </span>
     <span class='ocr_line' id='line_1_46' title="bbox 1119 4013 1884 4103; baseline 0.004 -14"><span class='ocrx_word' id='word_1_360' title='bbox 1119 4013 1171 4089; x_wconf 75' lang='lat' dir='ltr'>dli</span> <span class='ocrx_word' id='word_1_361' title='bbox 1197 4015 1382 4103; x_wconf 81' lang='lat' dir='ltr'>Silvestri,</span> <span class='ocrx_word' id='word_1_362' title='bbox 1416 4019 1452 4089; x_wconf 78' lang='lat' dir='ltr'>bt</span> <span class='ocrx_word' id='word_1_363' title='bbox 1483 4019 1635 4092; x_wconf 86' lang='lat' dir='ltr'>alterum</span> <span class='ocrx_word' id='word_1_364' title='bbox 1661 4019 1782 4096; x_wconf 71' lang='lat' dir='ltr'>Sancti</span> <span class='ocrx_word' id='word_1_365' title='bbox 1808 4027 1884 4098; x_wconf 69' lang='lat' dir='ltr'>Sal·</span> 
     </span>
     <span class='ocr_line' id='line_1_47' title="bbox 1123 4115 1883 4226; baseline 0.021 -41"><span class='ocrx_word' id='word_1_366' title='bbox 1123 4115 1257 4190; x_wconf 81' lang='lat' dir='ltr'>vareris</span> <span class='ocrx_word' id='word_1_367' title='bbox 1281 4119 1327 4190; x_wconf 82' lang='lat' dir='ltr'>ad</span> <span class='ocrx_word' id='word_1_368' title='bbox 1352 4125 1471 4190; x_wconf 80' lang='lat' dir='ltr'>Leones</span> <span class='ocrx_word' id='word_1_369' title='bbox 1504 4115 1691 4196; x_wconf 75' lang='lat' dir='ltr'>fundatum</span> <span class='ocrx_word' id='word_1_370' title='bbox 1728 4121 1766 4196; x_wconf 94' lang='lat' dir='ltr'>in</span> <span class='ocrx_word' id='word_1_371' title='bbox 1797 4151 1883 4226; x_wconf 84' lang='lat' dir='ltr'>agro</span> 
     </span>
     <span class='ocr_line' id='line_1_48' title="bbox 1123 4216 1918 4323; baseline 0.015 -32"><span class='ocrx_word' id='word_1_372' title='bbox 1123 4217 1318 4293; x_wconf 76' lang='lat' dir='ltr'>brixiano.</span> <span class='ocrx_word' id='word_1_373' title='bbox 1354 4217 1407 4290; x_wconf 85' lang='lat' dir='ltr'>En</span> <span class='ocrx_word' id='word_1_374' title='bbox 1433 4216 1606 4292; x_wconf 84' lang='lat' dir='ltr'>Chartam</span> <span class='ocrx_word' id='word_1_375' title='bbox 1633 4218 1768 4322; x_wconf 84' lang='lat' dir='ltr'>ipsam,</span> <span class='ocrx_word' id='word_1_376' title='bbox 1794 4249 1885 4323; x_wconf 86' lang='lat' dir='ltr'>quae</span> <span class='ocrx_word' id='word_1_377' title='bbox 1914 4253 1918 4259; x_wconf 82' lang='grc'>’</span> 
     </span>
     <span class='ocr_line' id='line_1_49' title="bbox 1122 4317 1884 4402; baseline 0.012 -9"><span class='ocrx_word' id='word_1_378' title='bbox 1122 4317 1234 4394; x_wconf 88' lang='lat' dir='ltr'>adlruc</span> <span class='ocrx_word' id='word_1_379' title='bbox 1260 4321 1295 4393; x_wconf 91' lang='lat' dir='ltr'>le</span> <span class='ocrx_word' id='word_1_380' title='bbox 1321 4317 1393 4392; x_wconf 90' lang='lat' dir='ltr'>itur</span> <span class='ocrx_word' id='word_1_381' title='bbox 1418 4319 1457 4394; x_wconf 86' lang='lat' dir='ltr'>in</span> <span class='ocrx_word' id='word_1_382' title='bbox 1484 4319 1648 4397; x_wconf 82' lang='lat' dir='ltr'>Arrbivo</span> <span class='ocrx_word' id='word_1_383' title='bbox 1685 4325 1884 4402; x_wconf 83' lang='lat' dir='ltr'>Monacbn-</span> 
     </span>
     <span class='ocr_line' id='line_1_50' title="bbox 1122 4345 1982 4596; baseline 0.012 -102"><span class='ocrx_word' id='word_1_384' title='bbox 1122 4345 1477 4596; x_wconf 69' lang='lat' dir='ltr'>rpmfissainenfium</span> <span class='ocrx_word' id='word_1_385' title='bbox 1515 4422 1636 4502; x_wconf 67' lang='lat' dir='ltr'>metti</span> <span class='ocrx_word' id='word_1_386' title='bbox 1677 4425 1776 4504; x_wconf 86' lang='lat' dir='ltr'>Petri</span> <span class='ocrx_word' id='word_1_387' title='bbox 1814 4431 1882 4503; x_wconf 83' lang='lat' dir='ltr'>Re·</span> <span class='ocrx_word' id='word_1_388' title='bbox 1980 4427 1982 4432; x_wconf 69' lang='grc'><em>’</em></span> 
     </span>
     <span class='ocr_line' id='line_1_51' title="bbox 1119 4547 1635 4624; baseline 0.01 -28"><span class='ocrx_word' id='word_1_389' title='bbox 1119 4547 1203 4624; x_wconf 68' lang='lat' dir='ltr'>‘guen</span> <span class='ocrx_word' id='word_1_390' title='bbox 1229 4547 1273 4598; x_wconf 84' lang='lat' dir='ltr'>r.</span> <span class='ocrx_word' id='word_1_391' title='bbox 1632 4578 1635 4587; x_wconf 87' lang='lat'><em>·</em></span> 
     </span>
    </p>
   </div>
   <div class='ocr_carea' id='block_1_9' title="bbox 0 0 2316 6134">
    <p class='ocr_par' dir='ltr' id='par_1_10' title="bbox 0 0 2316 6134">
     <span class='ocr_line' id='line_1_52' title="bbox 0 0 2316 6134; baseline 0 0"><span class='ocrx_word' id='word_1_392' title='bbox 0 0 2316 6134; x_wconf 95' lang='lat' dir='ltr'> </span> 
     </span>
    </p>
   </div>
  </div>
 </body>
</html>
