4532 6154
322 470 404 573 5⁶5

640 453 1153 546 DsSSERTATIO
1205 453 1474 548 SEXTA,

1704 479 1813 579 '56⁶

256 573 353 646 etiam
378 573 578 672 Apusioiicae
609 579 689 649 Sedr'
713 605 751 648 ea
775 575 1021 674 diffimusatione
1046 590 1081 662 Α
1203 571 1328 668 scribo,
1355 575 1400 646 θ
1423 577 1643 653 aussoritatem
1660 607 1783 672 meana,
1809 611 1873 682 qua

256 673 440 769 hujusmodi
458 678 605 770 evenire,
626 678 827 755 Matthiam
848 679 946 752 musto
964 678 1014 750 di·

251 776 385 872 spanaio
411 779 455 850 (9¹
479 781 584 852 labora
618 783 868 876 recuperavimus
892 791 1014 862 antedi·

258 876 342 950 diam
382 882 427 953 ad
461 879 616 967 Eccsefiae
651 891 818 962 Romanae
852 885 896 956 θ
929 904 1018 964 tttum

257 982 445 1052 commodum
471 983 515 1054 (9⁸
539 985 699 1060 bonorem.
727 993 779 1060 Tu
804 1012 876 1086 ergo
899 990 944 1060 ad
965 1021 1020 1066 nos

257 1081 369 1153 venire
394 1108 456 1154 non
480 1084 636 1180 diffluas,
662 1115 731 1161 cum
749 1090 851 1181 suerit
875 1109 1017 1188 opportu-

258 1208 356 1271 num,
392 1186 575 1260 Marcbiam
610 1189 710 1284 ipsam
744 1212 906 1292 tamquam
931 1217 1024 1270 tuum

257 1287 404 1354 Ferudum
430 1285 526 1358 iibere
551 1313 744 1388 recepturus.

1205 695 1265 772 prr
1308 680 1476 752 Communi
1515 683 1682 756 Ferrariae
1715 683 1871 782 fungor,

1209 776 1372 874 interpono
1398 780 1443 850 (9⁶
1466 781 1641 874 decretum,
1668 805 1705 854 ut
1729 786 1800 858 vim
1818 787 1873 876 O·

1209 882 1302 951 robur
1326 880 1467 956 obtineat
1492 884 1646 956 autentici
1679 885 1872 970 insicumen·

1210 980 1240 1052 ti
1248 1008 1271 1068 ,⁰
1304 979 1339 1052 in
1369 975 1477 1081 1308}
1504 983 1681 1057 indiiiione
1708 991 1763 1060 Vt.
1790 993 1871 1060 Fer·

1209 1082 1315 1154 rariae
1339 1083 1392 1156 die
1419 1089 1509 1159 Vm.
1536 1085 1648 1172 mensis
1663 1088 1793 1179 Junii.

1155 1183 1204 1254 Et
1230 1206 1274 1256 ne
1310 1185 1368 1258 cui
1397 1184 1579 1262 dubitatio
1613 1185 1796 1289 subrepat,
1823 1218 1869 1268 an

1104 1279 1200 1355 idem
1224 1287 1306 1358 Ano
1325 1289 1409 1360 vn.
1432 1285 1578 1364 Estenfis
1599 1290 1767 1365 Marchio
1792 1292 1871 1392 pos.

310 1388 434 1456 Dauum
461 1390 580 1462 Tibur,
593 1445 689 1470 ,,,,,
704 1399 875 1474 Karna„
899 1397 1020 1496 Maps,
1105 1380 1286 1460 seffionem
1323 1413 1469 1482 revera,
1504 1416 1545 1464 ac
1584 1389 1869 1470 dominationem

257 1485 470 1576 Pontificatus
495 1493 591 1578 nutri
615 1503 718 1569 Anno
741 1507 853 1575 Nono.

308 1589 383 1686 Ego
409 1591 531 1662 Danies
555 1599 711 1670 Notarius
733 1603 775 1674 de
799 1603 943 1700 Rodigio
962 1604 1026 1678 bas

359 1690 504 1798 litteras
528 1701 658 1792 Papae,
680 1700 769 1797 suffer
792 1705 927 1778 Domini
942 1713 1019 1780 An·

358 1793 454 1864 circae
486 1794 527 1866 de
565 1803 762 1896 Maxerara,
798 1807 844 1877 (9⁶
861 1859 1019 1883 ......

360 1894 542 1968 Vicecomne
568 1903 705 1999 Rodigii
734 1927 792 2002 pro
816 1908 956 1980 Domina
979 1918 1019 1980 0-

359 1993 473 2085 bizone
498 1999 625 2087 Esiansi
653 2008 842 2080 Marabione
867 2011 1022 2106 exempla·

208 2104 212 2112 '
363 2096 404 2168 vi
422 2099 467 2168 θ’
484 2099 619 2198 scripsi,
645 2106 731 2178 nibil
747 2111 870 2182 aridem
887 2113 944 2184 ves
961 2111 1023 2192 mia

359 2221 486 2285 nuens,
525 2206 610 2296 quod
640 2206 767 2298 sensum
805 2211 863 2282 ves
894 2212 1022 2306 senten·

1052 1486 1332 1570 BAnconironae
1365 1491 1534 1566 nornine
1569 1491 1748 1584 tenuerit,
1773 1491 1871 1570 hisce

1105 1585 1248 1664 accedat
1272 1591 1383 1666 altera
1407 1589 1564 1683 Charta,
1588 1619 1696 1692 quam
1722 1594 1870 1696 authen·

1106 1690 1237 1782 ticam,
1258 1689 1315 1766 sed
1333 1693 1508 1786 laceram,
1528 1691 1687 1771 adservat
1711 1699 1874 1797 praelau-¹

1106 1789 1207 1868 datus
1234 1795 1366 1869 Comes
1401 1794 1661 1872 Brandoiinus.
1694 1800 1738 1872 Iu
1766 1825 1806 1873 ca
1832 1825 1868 1873 e-

1106 1891 1183 1968 nim
1209 1891 1304 1969 idem
1331 1894 1500 1971 Marchio
1524 1895 1688 1972 concedit
1723 1899 1870 1974 Monal-

1106 1991 1152 2068 do
1179 1993 1356 2094 Episcopo
1383 1995 1727 2098 Forosempronieust
1761 2001 1805 2074 nd
1831 2027 1868 2076 a·

1105 2093 1224 2193 liquot
1250 2123 1360 2171 annor
1386 2097 1588 2174 Civitatem
1617 2099 1729 2200 ipsam
1757 2105 1891 2176 Foroo‘

1106 2193 1400 2298 semproniensem
1436 2224 1518 2272 cum
1552 2198 1615 2274 sno
1649 2200 1868 2294 Comitatu,

358 2295 442 2367 riam
468 2319 588 2394 murce,
615 2305 680 2390 nist
697 2307 782 2398 som
806 2312 950 2386 unm
966 2317 1028 2388 vel
1106 2297 1290 2391 districtu,
1315 2324 1355 2372 ac
1381 2297 1574 2376 reditibus.
1610 2300 1800 2401 ughellius
1827 2303 1866 2380 in

354 2415 490 2496 pontum
514 2402 572 2474 ves
587 2405 743 2490 sitiebam
773 2411 808 2482 iro
834 2414 1017 2510 compositio.
1049 2403 1081 2476 C
1107 2403 1189 2476 ital.
1214 2405 1306 2474 Sace.
1332 2403 1441 2474 Tum.
1462 2425 1497 2474 a.
1523 2403 1737 2478 Monnldum
1758 2409 1867 2480 Foro·

358 2524 423 2588 no,
464 2508 567 2575 Anno
605 2509 741 2581 Domini
780 2534 890 2610 1292.
930 2516 1018 2586 Iudi·

358 2596 461 2670 Hieme
481 2607 520 2674 V.
538 2606 593 2675 die
612 2613 702 2682 XIV.
722 2611 864 2686 intrante
881 2615 1021 2710 Aprili.

309 2701 384 2794 Ego
392 2702 536 2788 Jocabor
553 2706 594 2774 ar
611 2710 789 2784 Montiuiie
797 2718 912 2806 Judoa
931 2722 1022 2790 Com·

361 2800 469 2872 munis
509 2807 705 2902 ferrariae,
745 2817 822 2910 quia
850 2817 1023 2913 suprascri-

356 2919 451 2996 ptum
468 2908 642 3002 exemplum
666 2914 768 3002 vidi,
789 2915 857 3012 sagi
865 2971 876 3006 ,
903 2920 948 2990 ts*
964 2945 1021 2991 au·

354 2999 503 3093 fintani
513 3054 629 3082 ......
649 3015 785 3086 Houorii
818 3023 953 3115 Papae,
989 3019 1023 3092 iu

361 3125 422 3198 quo
446 3101 533 3174 nidis
557 3106 671 3183 inveni
695 3115 844 3190 additum
860 3121 919 3192 ves
938 3122 1019 3193 dim-

357 3202 544 3297 minutum,
569 3214 653 3306 quai
668 3213 794 3309 sonsum
819 3221 876 3292 vet
893 3220 1017 3314 senten·

357 3303 441 3380 tiam
465 3327 591 3404 mutet,
617 3313 686 3390 ideo
704 3345 812 3392 romeu
831 3349 931 3398 meum
944 3323 1018 3418 sud»

1030 3199 1084 3390 i„

1106 2498 1399 2600 semproniensem
1426 2499 1641 2600 Episcopum
1675 2502 1796 2579 statuit
1822 2505 1866 2580 ad

1107 2605 1256 2676 Annum
1291 2599 1424 2678 Christi
1463 2603 1691 2679 Mccxcv.
1725 2607 1866 2682 nullum

1106 2709 1191 2778 vero
1220 2703 1294 2800 ejus
1324 2703 1434 2778 Urbis
1459 2703 1671 2781 Antistitem
1706 2707 1866 2809 agnoscit

1108 2805 1150 2879 ad
1177 2807 1325 2879 Annum
1362 2807 1748 2906 MCCxxv111.qu0
1783 2807 1867 2884 scri·

1110 2925 1211 3005 ptum
1240 2903 1310 2980 suit
1346 2903 1616 2980 instrumentum
1652 2933 1746 2983 nuuc
1774 2908 1868 2986 mihi

1106 3006 1364 3108 evulgandum.
1390 3009 1509 3102 Quare
1528 3006 1755 3108 corrigendus
1780 3008 1866 3086 hinc

1089 3108 1176 3182 werit
1215 3110 1410 3210 Catalogur
1447 3107 1648 3186 Praesulum
1684 3109 1867 3189 forosem-

1110 3207 1346 3310 pronienfium
1360 3263 1373 3288 .

323 3540 530 3630 Concessio
560 3543 750 3638 Ciuitatis
782 3548 1179 3672 Forosemproniensir
1209 3548 1311 3638 taeta
1343 3551 1540 3640 Mouaido
1568 3549 1650 3662 ejus
1679 3551 1803 3644 unu

505 3661 700 3781 Episcopo
729 3671 780 3756 ab
812 3679 952 3764 Azone
983 3679 1079 3762 vlt.
1111 3667 1259 3754 Estensr
1290 3673 1329 3755 δε
1360 3671 1618 3761 Anconitano

779 3791 1044 3906 Marchione,
1072 3791 1196 3875 Anno
1231 3791 1358 3876 1228.

256 4019 345 4206 IN
367 4014 432 4092 Dei
456 4013 598 4094 nuntiae.
625 4027 756 4100 Amce.
781 4035 883 4102 Auno
908 4033 1040 4106 Domi·¹

324 4121 360 4194 ni
378 4119 477 4192 Misso
491 4147 553 4192 rma
572 4125 790 4213 Ducentesimo
811 4131 963 4226 Vigesinm
980 4143 1020 4206 Ο.

258 4221 375 4310 iiaua,
394 4221 569 4298 sudiiiiuno
585 4227 722 4319 Prima,
744 4231 798 4303 die
816 4235 892 4306 XII.
911 4261 1021 4309 earun-

1106 4025 1155 4114 sir
1179 4053 1247 4100 cum
1271 4027 1448 4120 Ciuitate,
1473 4029 1616 4120 Casinis,
1642 4034 1773 4125 Terris,
1802 4031 1871 4105 rit.

1111 4130 1176 4218 sie,
1203 4128 1457 4222 habitatoribus,
1489 4133 1661 4224 alodariis,
1694 4131 1876 4206 arimannis

1114 4231 1158 4302 θ
1183 4229 1402 4320 arimanniis,
1436 4233 1613 4305 cumomni
1644 4231 1737 4326 jure,
1772 4232 1873 4305 domi·

258 4342 291 4395 te
306 4324 424 4415 Juiio.
451 4329 520 4398 Nos
545 4329 628 4402 Ano
656 4329 723 4406 Dei
753 4333 789 4406 dt
816 4334 1021 4434 Apostolica
1053 4334 1084 4408 E
1113 4327 1186 4421 aio,
1211 4331 1346 4423 bonon,
1372 4333 1418 4404 (9¹
1433 4331 1600 4430 signoria,
1637 4335 1681 4406 Θ
1704 4331 1872 4428 dissaisiri,

206 4509 208 4514 ,
258 4423 295 4496 dt
316 4423 497 4521 imperiali
515 4429 630 4528 gratis
648 4432 898 4510 Anconitanus
921 4438 955 4511 u
976 4439 1019 4512 E·

258 4521 373 4598 ttenfis
400 4528 598 4624 Marchio,
625 4537 817 4608 cmceaimua
842 4538 887 4608 Φ·
910 4541 1022 4612 damus

259 4625 323 4698 tibi
352 4625 511 4723 praesenti
539 4633 645 4728 Ugoni
667 4639 709 4705 de
734 4641 849 4709 Monte
876 4639 1023 4738 Episcopi

259 4728 479 4816 Procuratari,
507 4732 552 4802 θ
573 4733 737 4829 recipienti
759 4739 830 4810 erice
854 4739 897 4810 (9
922 4743 1018 4814 amni·

260 4855 299 4900 ne
325 4827 475 4904 Domini
498 4833 666 4908 Monaidi
689 4839 799 4910 eedem
818 4842 932 4932 gratio
954 4847 1017 4916 Fo-

260 4925 549 5029 risrmproniensis
574 4934 765 5036 Episcopi,
789 4939 941 5020 uidelicet
965 4945 1018 5016 Ci.

260 5034 419 5124 vitatem,
446 5034 492 5105 D·
516 5037 766 5136 Episcopatum,
796 5041 853 5133 seu
879 5045 1015 5116 Comita-

259 5151 328 5205 cum
361 5153 462 5210 totum
486 5139 532 5214 Φ·
557 5140 715 5241 integrunt
739 5139 1018 5244 Forisimpmnien·

1113 4433 1251 4522 bannis,
1272 4431 1426 4528 placitis,
1451 4436 1562 4526 costis,
1587 4435 1737 4523 dativis,
1763 4433 1807 4501 δ’
1823 4427 1874 4522 fi·

1114 4529 1195 4626 tiis,
1214 4532 1371 4624 usantiis,
1388 4531 1496 4620 usibus
1514 4538 1559 4607 (7
1575 4535 1744 4620 abusibus,
1764 4532 1808 4601 δ’
1821 4533 1872 4602 ai·

1114 4635 1290 4732 bergeriis,
1319 4631 1539 4727 fumantibus,
1563 4632 1804 4735 patrarantiis,
1830 4633 1877 4704 Φ·

1115 4761 1184 4808 cum
1216 4735 1359 4809 omnibus
1392 4737 1469 4810 asiis
1503 4740 1548 4810 ad
1582 4759 1638 4806 noe
1673 4733 1718 4802 θ
1741 4731 1876 4804 Curiam

1113 4839 1153 4908 de
1173 4837 1268 4934 p'nre,
1286 4837 1344 4930 seu
1361 4841 1402 4912 de
1421 4837 1556 4932 usantiir
1571 4831 1804 4932 pertinentibus
1822 4832 1879 4950 'ops

1115 4939 1327 5038 cnnpmituris
1362 4941 1396 5012 in
1431 4959 1546 5012 autea.
1582 4941 1632 5008 Et
1666 4933 1739 5004 baec
1772 4957 1880 5004 omaro

1080 5065 1081 5070 ’
1116 5042 1304 5114 concedimur
1327 5037 1372 5112 Φ·
1388 5041 1503 5114 damus
1525 5039 1569 5108 Θ
1591 5031 1812 5106 cornmittimur
1834 5034 1880 5104 n'·

1115 5143 1150 5218 bi
1177 5142 1280 5239 Ugoni
1314 5139 1514 5216 Procurator}
1548 5133 1684 5210 Domini
1709 5131 1880 5230 Episcopi,

1176 5245 1213 5322 N
1238 5267 1263 5318 n
1316 5265 1339 5319 n
1712 5253 1748 5306 ut
1772 5254 1831 5332 ap-
