4602 6136
294 369 397 534 '97
622 411 1549 514 urssunnnnrosrcuuun.
1746 424 1831 538 ,aa

276 535 335 614 aa
361 537 551 630 Mortuum,
577 535 692 612 rursus
707 590 720 627 ,
734 533 916 624 moinum,
936 537 1039 606 Man·
1058 535 1114 636 ΙΑ·
1130 529 1253 603 taliam
1282 530 1472 633 ingressus,
1488 529 1726 634 Aystulphum
1755 537 1890 636 Regem

239 727 245 736 .
279 661 395 733 tuam,
444 638 602 740 aliasque
632 637 746 714 Urbes
781 637 938 734 recepit.
980 639 1042 707 Vos

277 739 399 839 audeffi
423 743 578 816 eredimus
600 744 641 812 de
679 743 859 830 Montenae,
894 737 1038 828 Altino,

279 868 375 938 etque
400 849 547 926 Mantua
577 840 807 932 Civitatibus,
841 864 922 937 quae
954 847 1037 910 San·

280 943 349 1021 flue
366 947 447 1042 sunt
464 944 672 1038 Reipublicae
698 941 899 1031 reformatae:
919 938 970 1013 ita
995 939 1037 1014 ad

268 1053 496 1125 francorum
533 1047 665 1146 Regem
702 1041 874 1117 scribebat
910 1045 1037 1116 Roma·

279 1177 346 1227 nus
372 1156 561 1224 Ravennae
597 1149 751 1220 Exarcus
777 1142 816 1218 in
853 1142 1039 1243 Epistola,

280 1279 371 1354 quae
392 1250 483 1349 apud
500 1244 767 1322 tou-chesnium
784 1243 917 1345 legitur
930 1249 1038 1320 Tom.

281 1362 309 1430 1.
335 1351 552 1444 Scriptorum
580 1349 850 1422 francicorum.
879 1350 933 1421 At
959 1347 1038 1421 heic

279 1479 346 1550 pro
371 1457 529 1525 Montena
552 1447 771 1525 scribendum
792 1449 952 1542 Mutina,
979 1467 1040 1523 aut
1069 1490 1098 1561 B

280 1557 437 1646 Matina,
468 1551 521 1628 uti
548 1551 703 1627 barbatis
739 1550 959 1652 temporibus
985 1555 1038 1625 lo·

279 1657 342 1756 qui
368 1654 533 1728 amabant
558 1653 750 1728 nonnulli.
779 1656 820 1728 ln
856 1654 967 1728 altera
992 1656 1033 1726 E·

272 1757 446 1858 pistolai
481 1755 661 1830 Mauritio
694 1753 773 1856 ipsu
808 1754 967 1855 Augusto
994 1757 1034 1829 ad

275 1856 546 1932 Claildebertum
586 1862 719 1958 Regem
759 1856 884 1932 eodem
925 1859 1034 1931 Anno

272 1959 357 2034 data
398 1959 572 2060 legimus:
613 1964 703 2034 Dens
735 1981 795 2056 pro
831 1959 895 2052 sua
930 1961 1032 2058 pieta·

275 2083 307 2134 te
333 2063 552 2154 Mutinensem
588 2062 768 2133 Civitatem
802 2087 857 2134 noe
888 2083 1031 2158 pugnae·

273 2165 316 2236 do
343 2162 469 2251 mgeedi
483 2161 584 2255 feeit,
606 2164 731 2260 paritet
754 2161 797 2234 (9'
818 2163 1035 2252 Alemonam,

272 2265 319 2338 (⁹⁹
344 2269 564 2339 Mantuannm
589 2265 788 2356 ciuitatem.
811 2268 876 2339 Per
895 2265 1033 2367 aliquot

273 2393 384 2442 annos
409 2368 555 2442 Graecis
575 2373 941 2468 parueruntMantua,
956 2369 1028 2440 Bn’-
1068 2409 1094 2475 (ὀ

273 2469 410 2561 nillum,
438 2471 596 2562 Mutina,
612 2475 791 2562 Cremona,
818 2468 958 2568 aliaque
981 2471 1031 2543 lo·

272 2595 338 2692 ⁶33
362 2593 404 2692 pt
431 2567 492 2692 sub
519 2571 722 2672 Agilulplro
739 2569 936 2745 Regedlraec
955 2597 1031 2646 orn·

270 2671 1032 2878 ttrite1¹¹3tl‘}2„t}”t0⁰lb¹‘tbltz

271 2877 324 2950 cis
351 2877 468 2975 pejora
495 2877 706 2951 timentibus
733 2903 853 2976 pacem
890 2878 1030 2994 tandem

270 2974 1034 3178 tellbstlttlblttl,fit?

270 3180 456 3269 Bononiae,
471 3205 510 3253 ac
534 3179 728 3272 Ferraria,
755 3178 831 3254 illis
857 3183 1030 3274 Mutinae,

269 3281 373 3380 Regio
398 3281 538 3378 Lepidi,
581 3307 621 3354 ac
647 3285 808 3356 Μαηηιαο
846 3281 1028 3356 dominan-
1070 3317 1073 3326 ¹

268 3384 386 3460 tibus.
402 3385 449 3457 Et
476 3382 538 3458 diu
563 3381 707 3480 quidem
735 3383 857 3458 stetere
882 3381 1027 3484 ejusmo-

268 3485 306 3560 di
334 3483 442 3559 fines:
482 3484 545 3558 vix
581 3484 677 3558 enirn
715 3486 822 3558 aliam
860 3484 899 3560 in
936 3483 1029 3562 hisce

266 3588 426 3690 partibus
452 3613 567 3662 rerunt
583 3585 846 3662 conuerfionem
863 3613 924 3687 per
940 3589 1027 3662 mul·

267 3711 326 3765 tos
352 3689 479 3762 deinde
493 3715 603 3762 annos
618 3687 747 3763 sabbam
761 3687 951 3778 nouimus,
974 3691 1026 3764 ni·

268 3789 293 3863 st
320 3789 414 3887 quod
442 3788 502 3863 sub
518 3789 668 3867 Rothari
685 3795 781 3893 Rege
806 3789 849 3865 ad
877 3779 1026 3866 fluvium

267 3893 495 3967 Scultennam
522 3894 645 3988 (nunc
672 3893 830 3993 Panare)
857 3918 1027 3968 memora·

267 3993 335 4070 bili
364 3991 498 4088 praelio
517 3991 580 4067 fust
607 4021 647 4068 ac
674 3995 795 4069 attriti
814 3994 893 4068 sunt
919 3999 1024 4070 Grae·

265 4094 327 4172 ei.
354 4096 532 4193 Tempore
562 4096 703 4180 tantiam
729 4095 945 4197 Liutprandi
961 4101 1024 4172 Re·

265 4199 343 4301 gis,
369 4212 541 4271 renovato
567 4195 697 4271 acriter
731 4198 854 4291 bello,
889 4207 1024 4272 Raoen·
1063 4221 1091 4290 Ε
1119 4194 1277 4270 futurum
1306 4194 1541 4286 ‚nPlaeenee‘am
1568 4193 1770 4287 uidelicet,
1797 4207 1881 4276 Pae·

266 4327 341 4372 narn
367 4297 478 4396 ipsam
514 4323 596 4372 cum
620 4296 702 4370 aliis
736 4301 930 4374 Exarcatus
957 4304 1025 4375 Ur·

266 4401 368 4476 bibus
383 4398 609 4501 Langobardi
626 4396 689 4472 libi
704 4397 950 4476 subdiderunt.
963 4405 1022 4476 Su·

264 4499 374 4602 petest
398 4500 511 4575 adhuc
537 4501 702 4576 Bononiae
727 4503 873 4601 antiqua
901 4500 1024 4577 Inscri-

262 4601 1023 4882 {sttttt‘ttt‘blszttlmitta

289 4807 438 4899 abetur,
465 4822 506 4879 ut
540 4805 632 4906 apud
666 4807 876 4884 Maluafiam
903 4807 1024 4884 uidere

259 4909 349 4986 licet
375 4909 414 4984 in
440 4907 613 4982 Marmor.
642 4909 768 4984 Pellio.
805 4910 959 4985 Seilion.
985 4936 1022 5007 4.

260 5016 351 5108 Cap.
381 5035 438 5088 ro.
464 5009 636 5110 Pippinue
661 5009 792 5087 exinde
806 5017 1019 5088 Francorum

260 5114 339 5189 Rex
363 5113 408 5289 gd
434 5138 552 5292 prqces
577 5111 748 5215 Stephani
774 5117 823 5191 tl.
850 5117 964 5217 Papae
990 5117 1023 5190 1·

321 5271 326 5282 ι
392 5242 453 5292 om.
499 5265 511 5292 a

1128 633 1170 704 ad
1197 629 1406 726 restituenda
1421 639 1584 711 Romano
1611 633 1769 736 Imperio
1794 637 1891 712 abla-

1130 751 1166 806 ta
1193 731 1337 833 adegit.
1373 736 1554 814 Promissus
1579 765 1652 818 nun
1681 736 1777 814 stetit
1813 741 1892 838 Ay·
1938 827 1939 830 Ἴ

1129 833 1306 935 stulphus:
1336 861 1443 933 quare
1479 840 1650 939 Pippinus
1676 839 1716 915 in
1743 841 1889 918 ltaliam

1128 937 1294 1038 regressus
1311 936 1349 1010 vi
1365 963 1542 1012 armorum
1569 943 1823 1040 Langobardos
1849 943 1891 1020 li·

1128 1038 1208 1113 dem
1235 1037 1371 1113 solvere
1392 1040 1540 1140 coltgit,
1568 1039 1752 1141 ipsumque
1779 1049 1891 1121 Exar-

1129 1159 1248 1214 catum
1275 1165 1347 1212 non
1373 1141 1527 1242 amplius
1550 1145 1690 1217 Graeco
1731 1146 1891 1246 Augusto

1126 1240 1300 1334 restituit,
1328 1240 1385 1316 sed
1412 1242 1639 1344 Apostolicae
1673 1245 1754 1320 Sedi
1795 1257 1891 1326 dono

1129 1343 1246 1418 dedit.
1275 1349 1399 1440 Quum
1426 1371 1513 1420 vem
1529 1345 1757 1421 Provinciam
1785 1347 1889 1426 illam

1126 1444 1256 1520 iterum
1283 1445 1480 1522 Defiderius
1507 1453 1583 1523 Rex
1607 1447 1889 1544 invefiuetmon

1128 1571 1205 1620 eant
1232 1546 1345 1623 sotum
1372 1551 1594 1647 recuperavit
1629 1554 1781 1628 Carolus
1807 1557 1891 1630 Ma.

1127 1675 1237 1752 gnus,
1252 1649 1309 1726 sed
1336 1649 1554 1726 Defiderium
1581 1680 1623 1726 ex
1644 1651 1721 1752 ipso
1746 1681 1890 1758 quoque

1132 1757 1255 1848 Regno
1281 1752 1596 1853 Langobardorum
1624 1754 1773 1856 dejecit.

1181 1857 1280 1928 Haec
1306 1880 1422 1929 rerum
1450 1853 1574 1930 series.
1604 1861 1728 1956 Atque
1751 1885 1795 1932 cx
1832 1856 1889 1937 luia

1128 1955 1329 2056 intelligas,
1344 1953 1525 2055 quousque
1539 1959 1766 2058 regnantibus
1792 1965 1890 2036 Lan-

1128 2059 1289 2152 gobardis
1316 2057 1350 2134 se
1379 2058 1627 2158 protenderent
1662 2059 1750 2135 fines
1777 2069 1888 2138 Enar-

1127 2171 1254 2234 chatus.
1269 2160 1433 2236 Samodia
1460 2179 1596 2236 torrens
1619 2163 1834 2239 Graecorum
1852 2193 1890 2242 a·

1127 2288 1226 2362 grum
1253 2264 1273 2336 i
1300 2262 1573 2364 Langobardico
1591 2262 1887 2362 discriminabat,

1128 2363 1189 2436 nifi
1216 2363 1313 2464 quod
1338 2391 1400 2464 per
1425 2365 1565 2464 aliquot
1603 2391 1713 2441 annos
1739 2371 1887 2445 Bononia

1127 2468 1171 2538 o*
1195 2471 1313 2538 Forum
1348 2467 1490 2539 Cornelii
1524 2467 1647 2564 (nunc
1671 2471 1796 2568 tmota)
1827 2498 1888 2590 pa·

1125 2593 1221 2642 ruere
1241 2567 1506 2666 Langobardis.
1532 2573 1653 2664 Quum
1676 2570 1884 2650 Zaccharrae

1127 2675 1304 2746 Romanus
1318 2669 1484 2746 Pontifex
1501 2676 1705 2746 Rauennam
1728 2667 1886 2776 prognes.

1127 2772 1200 2866 sue,
1216 2771 1304 2848 duos
1325 2773 1367 2847 ad
1391 2773 1654 2874 Liutprandum
1673 2776 1803 2877 Regem
1815 2782 1887 2854 Le·

1126 2893 1225 2975 gatos
1253 2874 1431 2964 miliillet,
1459 2874 1557 2950 suum
1584 2878 1618 2948 ei
1634 2875 1825 2952 aduentum
1842 2877 1885 2952 li·

1124 2971 1374 3077 gnificatutus,
1401 2974 1455 3047 ilii
1480 2977 1661 3072 imolensem
1685 3003 1807 3077 agrum
1828 2977 1885 3052 in·

1122 3073 1249 3177 greffi,
1275 3077 1319 3151 ab
1345 3073 1523 3150 Anastafio
1549 3075 1588 3149 in
1616 3075 1692 3152 vita
1729 3077 1885 3177 ejusdem

1126 3176 1312 3252 Pontificis
1336 3177 1503 3254 dicuntur
1527 3177 1670 3252 intralle
1697 3183 1885 3280 Langobar·

1120 3283 1231 3351 dorum
1249 3279 1356 3372 fines.
1384 3283 1438 3354 En
1464 3280 1539 3380 ejus
1565 3280 1692 3356 verba.
1719 3283 1791 3380 ,Qui
1814 3283 1886 3357 uiri

1123 3381 1249 3478 ingreffi
1263 3382 1298 3454 in
1316 3379 1445 3474 finibus
1471 3386 1752 3480 Langobardorum
1777 3385 1814 3457 in
1827 3386 1885 3459 Ci-

1121 3487 1258 3557 vitatem
1271 3538 1283 3575 ‚
1297 3509 1377 3580 qaae
1398 3505 1532 3556 meatur
1556 3487 1683 3575 imola,
1700 3487 1768 3559 &a
1785 3490 1884 3562 Con.

1122 3605 1175 3660 tra
1201 3583 1325 3685 liquis
1345 3603 1468 3685 petat,
1503 3587 1624 3684 quales
1651 3585 1768 3661 forent
1794 3587 1882 3664 lines

1125 3685 1365 3780 Enaesimus,
1402 3685 1471 3762 stuc
1507 3686 1719 3763 Provinciae
1749 3687 1884 3785 illius,

1120 3815 1225 3888 quam
1242 3787 1414 3888 Pippinus
1432 3786 1605 3865 Ecclesiae
1617 3793 1796 3866 Romanae
1810 3809 1882 3867 tra.

1121 3890 1235 3984 didit,
1262 3893 1414 3966 Carolus
1440 3917 1528 3966 vero
1558 3895 1712 3992 Magnus
1752 3891 1883 3972 confir.

1122 3993 1258 4083 mavit,
1282 3993 1390 4068 hocce
1404 3991 1604 4094 responsum
1632 3995 1778 4072 habeat.
1798 3999 1882 4074 Hoc

1122 4093 1213 4168 mihi
1232 4110 1367 4168 certum
1391 4092 1463 4185 est,
1490 4111 1695 4192 certumque
1712 4097 1881 4177 omnibus

1118 4325 1234 4388 mam,
1260 4295 1429 4392 Regium,
1453 4297 1489 4372 &
1524 4297 1694 4371 Mutinam
1729 4303 1880 4380 minime

1117 4425 1159 4473 ea
1184 4398 1378 4474 donatione
1406 4396 1507 4474 fuine
1523 4401 1816 4504 comprehensaa;
1834 4405 1881 4478 it.

1119 4498 1236 4599 lasque
1262 4499 1386 4576 saltem
1414 4503 1528 4576 Urbes
1542 4500 1581 4576 in
1602 4505 1731 4579 Italico
1756 4508 1879 4604 Regno

1117 4602 1252 4706 jamdiu
1277 4601 1455 4696 inclusas,
1496 4603 1651 4722 integras
1686 4629 1766 4680 cum
1794 4629 1879 4705 agro

1119 4702 1181 4779 suo
1208 4703 1433 4806 perseveralle
1459 4706 1497 4780 in
1524 4704 1664 4782 ditione
1692 4710 1829 4804 Regum
1846 4709 1881 4782 st

1118 4806 1246 4883 taliae.
1279 4807 1419 4884 Mirum
1445 4806 1513 4899 et,
1539 4805 1623 4906 quei
1657 4805 1878 4905 temporibus

1119 4907 1242 4984 noliris
1267 4909 1517 5010 reperiantur,
1542 4905 1607 5005 qui
1633 4905 1672 4980 in
1698 4923 1799 4982 tanta
1824 4912 1880 4988 lu·

1118 5036 1158 5084 ce
1184 5011 1343 5086 tenebras
1379 5009 1491 5086 adhuc
1526 5005 1709 5082 venditare
1736 5009 1881 5092 velint.

1118 5111 1184 5187 Sed
1194 5111 1282 5211 quid
1297 5110 1467 5187 nonsatis
1485 5106 1724 5190 contendendi
1749 5111 1880 5210 ardori

1215 5217 1251 5291 G
1773 5220 1828 5292 tte
1940 5289 1942 5296 ,
