4602 6136
292 519 371 581 101

570 477 1086 575 DISSERTATIO
1131 477 1501 571 SECUNDA.

1699 509 1780 578 102

231 607 316 684 161.
337 606 476 684 Floruit
504 605 569 684 ille
589 604 710 705 (quod
736 595 917 674 reminisci
936 597 988 698 ju·
1016 599 1053 672 A
1081 597 1222 688 sardia,
1249 604 1343 693 quam
1369 601 1403 672 in
1439 606 1699 694 ROMANM,
1718 605 1777 698 seu
1810 603 1846 679 ia

225 711 322 811 vat)
345 713 491 787 Saeculo
517 707 648 786 Chrisli
676 707 817 794 Nono,
845 701 881 774 dc
910 698 988 803 qui·

226 811 310 887 dem
337 811 505 890 ineunte.
543 815 674 888 Narrat
714 804 779 880 ille
805 808 990 879 Ravenna·

228 913 324 990 tium
365 914 576 990 seditionem
604 925 729 982 contra
757 904 988 998 lastinianum

228 1013 456 1092 Constantini
485 1008 660 1112 Pogonati
687 1007 990 1097 successorem,&

230 1121 270 1193 in
313 1146 393 1194 eum
431 1113 648 1213 insurgentes
692 1115 887 1188 Exarcatus
923 1113 989 1182 Ut-

232 1221 318 1297 bes.
346 1225 400 1292 En
424 1241 514 1313 quae
535 1211 587 1288 ibi
614 1211 859 1288 recensentur:
877 1218 991 1285 Sarae·

84 1372 88 1380 ·
237 1351 305 1399 na.
322 1318 470 1408 Cetaria,
489 1317 606 1409 Cesena
621 1369 631 1404 ,
647 1321 764 1387 Forum
780 1313 920 1410 Popilii,
932 1320 992 1385 Co·

234 1424 303 1494 loni
321 1427 436 1493 Portus
458 1418 642 1508 cantitans,
671 1416 732 1490 ubi
770 1414 897 1490 Classis
931 1413 995 1488 Ci-

1081 697 1218 792 Tuscia,
1244 701 1289 768 (P
1315 700 1350 770 in
1374 707 1503 776 Ducatu
1527 708 1715 804 spoletano.
1751 706 1847 784 lleie

1083 798 1183 874 vides
1209 801 1431 898 Romaniam(
1451 829 1543 878 nunc
1579 809 1615 879 la
1647 812 1847 912 Romagna)

1084 901 1178 976 nihil
1201 904 1221 974 d
1240 902 1377 995 Tuscia,
1397 903 1441 974 (9·
1458 908 1625 1000 spoletano
1641 915 1770 984 Ducam
1794 911 1852 988 di.

1087 1004 1245 1105 stingui,
1275 1019 1480 1100 certumque
1503 1003 1550 1077 est
1574 1009 1735 1104 speslalle
1754 1013 1796 1086 ad
1817 1019 1852 1088 1.

1084 1106 1192 1180 taliae
1221 1111 1381 1208 Regnum
1397 1105 1565 1181 Tusciam
1588 1107 1850 1210 &spoletum

1087 1213 1182 1309 Ergo
1206 1235 1267 1283 cur
1294 1233 1365 1282 non
1397 1211 1433 1282 dt
1470 1213 1635 1284 Romania
1662 1211 1849 1313 speslarit?

1086 1311 1182 1383 ldem
1210 1311 1304 1410 legas
1339 1310 1440 1386 &in
1477 1333 1641 1415 precepto
1681 1316 1851 1392 Lotlrarii

1089 1417 1122 1484 1:
1154 1411 1328 1512 Augusti,
1364 1415 1473 1488 Anno
1510 1419 1727 1493 DCCCllL.
1776 1445 1853 1520 pag.

235 1524 332 1596 vitas
350 1577 360 1612 ,
381 1527 495 1594 Forum
522 1519 645 1609 Livii,
664 1517 851 1610 Faventia,
877 1523 995 1589 Forum
1027 1519 1057 1592 Β
1089 1520 1199 1614 389.,
1222 1516 1257 1587 δι
1280 1513 1317 1587 in
1345 1518 1457 1589 altero
1481 1517 1606 1592 Caroli
1633 1520 1741 1595 Calui
1780 1525 1853 1595 lm·

169 1663 174 1670 ·
235 1625 396 1714 Cornelii,
416 1622 581 1694 Bononia.
606 1621 679 1701 Hic
699 1621 866 1718 antiquus
885 1622 994 1692 Exar·
1024 1651 1026 1656 ·

238 1725 381 1814 charus,
411 1727 591 1797 Romanae
626 1721 738 1821 postea
775 1719 948 1794 Ecclesiae
977 1719 996 1792 s

238 1827 391 1928 Regibus
419 1823 564 1898 Francis
583 1824 679 1897 dono
698 1823 826 1898 datus.
844 1825 997 1896 Enume-

236 1947 359 2001 rantur
383 1925 493 2000 etiam
521 1928 564 2000 ab
602 1922 803 2017 Anastasio,
837 1923 894 1998 seu
920 1922 996 2024 qui·

235 2028 331 2128 squis
353 2028 417 2104 ille
441 2027 483 2101 srt
515 2025 760 2102 vetustissimus
786 2025 995 2118 Atrslor,in

237 2133 325 2204 Vita
357 2128 509 2203 eiusdem
530 2131 706 2222 ‚Stephani
742 2132 789 2202 ll.
819 2127 998 2204 Civitates

236 2232 486 2323 exarchatus,
513 2232 802 2330 &Pentapoleos
833 2234 852 2303 d
880 2229 995 2332 Pippi·

238 2361 285 2409 no
309 2334 486 2434 donatae3
513 2359 626 2431 neque
649 2337 763 2408 ullum
787 2333 831 2407 de
846 2354 998 2431 quatuor

237 2435 473 2538 praelaudatis
503 2435 729 2510 Civitatibus
758 2435 906 2509 verbum
941 2461 993 2507 oc·
1034 2439 1064 2509 C

238 2536 374 2612 currit.
394 2541 528 2612 Verum
553 2561 597 2610 an
618 2536 837 2636 subsequaris
863 2555 984 2634 tempo

237 2641 337 2716 ribus
364 2639 430 2712 esse
461 2639 656 2740 perreaerit
685 2637 904 2714 Exarchatus
935 2641 994 2713 Ra·

239 2767 375 2816 vennae
396 2739 434 2816 in
459 2744 561 2843 plena
590 2741 729 2816 ditione
759 2745 999 2816 Romanorum

240 2841 460 2918 Pontificum
474 2897 483 2928 ,
496 2867 539 2914 an
557 2845 674 2940 potius
690 2867 771 2918 curn
790 2843 916 2918 Italico
935 2848 991 2928 Re·

241 2970 313 3044 gno
333 2942 461 3015 deinde
480 2941 688 3038 conjunsius
714 2941 844 3033 fuerit,
863 2943 1003 3042 quodve

241 3047 298 3148 jus
325 3041 363 3116 in
391 3065 467 3116 eam
495 3040 677 3142 regionem
705 3045 926 3118 exercuerint
965 3072 1002 3118 o·

243 3147 312 3222 lim
334 3148 615 3244 Imperatoresac
631 3143 756 3220 ltaliae
774 3147 885 3246 Reges
899 3169 908 3188 ·
921 3143 1004 3220 haec

1089 1614 1286 1716 peratoris,
1305 1619 1413 1692 Anno
1442 1621 1730 1698 Dcchxxv.
1743 1651 1855 1726 ,quae

1091 1717 1219 1793 itidem
1242 1718 1294 1792 ibi
1322 1721 1486 1819 evulgata
1504 1722 1677 1822 reperies.

1141 1820 1294 1894 Dimisso
1322 1825 1520 1916 exarcatu,
1545 1824 1781 1904 transrliamus
1811 1827 1855 1902 ad

1091 1921 1198 1994 aliam
1226 1922 1348 1996 italici
1386 1925 1500 2024 Regni
1538 1926 1762 2021 portionem,
1789 1929 1857 2004 hoc

1090 2024 1137 2096 est
1171 2021 1213 2097 acl
1241 2031 1401 2096 Ducatum
1433 2031 1576 2123 Spoleti,
1604 2030 1774 2131 insignem
1805 2034 1856 2106 la·

1092 2145 1235 2224 tamque
1260 2125 1464 2226 regionem,
1488 2130 1533 2202 ¹&
1561 2130 1671 2228 ipsam
1705 2136 1726 2206 i
1761 2139 1857 2210 Lan·

1093 2227 1255 2328 gobardls
1281 2229 1423 2302 Italiam
1452 2229 1611 2330 ingressis
1636 2253 1774 2310 mature
1799 2263 1860 2312 oc·

1095 2351 1282 2430 cupatam.
1312 2329 1378 2404 Cis
1398 2332 1630 2429 Apenninum
1656 2337 1746 2410 olim
1773 2345 1859 2410 Pru.

1095 2433 1210 2529 rapolis
1224 2431 1307 2506 estra
1325 2435 1488 2532 Regnum
1516 2435 1677 2534 jacuisse,
1698 2437 1860 2538 aliquan·

1096 2536 1141 2607 do
1167 2533 1262 2606 intra
1286 2531 1400 2630 ipsum
1418 2537 1665 2636 comprehensa
1693 2539 1858 2616 ridetur.

1096 2640 1192 2710 Tum
1222 2661 1280 2736 per
1306 2634 1393 2709 litus
1429 2639 1600 2715 Hadriaci
1627 2639 1711 2716 freti
1733 2671 1860 2718 excur-

1097 2765 1174 2812 rens
1196 2741 1358 2838 Regnum
1371 2745 1599 2813 Beneoemaao
1626 2747 1772 2817 Datami
1785 2771 1862 2821 ver·

1097 2845 1154 2913 sias
1180 2843 1366 2914 Orientem
1383 2843 1679 2941 conjungebatur.
1697 2847 1755 2918 Ad
1781 2850 1861 2920 Mo

1092 2933 1225 3016 ¹ridiem
1251 2966 1336 3013 vero
1362 2943 1455 3014 ultra
1488 2943 1719 3040 Apenninum
1747 2945 1860 3019 finiti·

1100 3043 1149 3116 mi
1177 3040 1272 3114 suere
1299 3047 1443 3113 Bararus
1465 3043 1616 3134 Tusciae,
1642 3045 1761 3143 portio
1790 3051 1860 3120 lta·

1099 3143 1163 3218 lici
1195 3141 1332 3243 Regni,
1350 3143 1385 3214 8<
1413 3149 1558 3216 Ducatus
1583 3155 1748 3219 Romanus
1778 3148 1860 3223 inde

245 3250 318 3352 jam
341 3245 491 3346 expendi
518 3245 556 3318 in
586 3247 743 3324 Pleniori
776 3209 1005 3346 Expositione
1101 3245 1232 3344 semper
1258 3241 1426 3318 esclusus.
1443 3248 1483 3317 ln
1512 3246 1635 3346 primis
1656 3251 1860 3352 Langobar·

246 3349 384 3442 Jurium
408 3344 679 3439 caesareorum,
706 3348 942 3424 acEliensruna
972 3352 1005 3422 ia
1037 3349 1069 3416 D
1100 3349 1223 3423 dorum
1262 3343 1491 3446 progressibus
1531 3348 1608 3422 veri
1646 3350 1788 3427 videtur
1825 3351 1863 3426 sr-

244 3452 448 3524 Comaelam.
476 3452 524 3521 Et
552 3439 890 3550 praeterquamquod
916 3457 999 3526 mul·

245 3572 284 3628 ta
310 3549 414 3644 sunt,
441 3577 530 3646 quae
558 3549 804 3652 persuadeant,
843 3554 1008 3644 excidisse

247 3681 308 3756 per
331 3656 430 3752 plura
446 3656 588 3727 Saecula
606 3658 801 3728 Romanam
818 3653 1005 3730 Ecclesiam

246 3763 267 3832 e
293 3753 493 3854 polseffione
512 3781 551 3828 ac
570 3755 816 3830 dominatione
835 3756 1002 3832 Errarcha·

247 3876 329 3941 tus,
357 3880 400 3928 ne
427 3855 508 3928 satis
535 3857 679 3954 quidem
703 3877 923 3976 compertum
951 3858 1004 3932 ha·

247 3960 392 4044 bemus,
434 3957 560 4055 quibus
588 3959 678 4034 olim
707 3960 817 4054 paslrs
857 3961 892 4034 δι
928 3987 1008 4034 corr·

245 4058 478 4135 creationibus
496 4115 507 4144 ,
524 4059 589 4157 Pip
616 4059 695 4134 inus
713 4063 748 4134 δι
763 4064 915 4136 Carolus
929 4065 1007 4136 Ma·

247 4189 337 4266 gnus
352 4159 465 4260 ipsum
477 4089 713 4234 Euareiatum
733 4163 903 4238 Romanis
915 4166 1004 4238 Pon·

1101 3447 1208 3540 mile,
1224 3448 1364 3522 unicam
1383 3449 1528 3520 Umbriae
1542 3451 1765 3547 provinciam
1780 3482 1864 3528 con·

1101 3548 1244 3624 llituissc
1275 3555 1436 3622 Ducatnm
1464 3553 1694 3646 spoletanum:
1738 3559 1862 3630 verbm

1101 3651 1309 3744 procedente
1344 3669 1502 3749 tempore
1542 3653 1675 3751 majora
1715 3651 1754 3730 in
1789 3656 1864 3732 dies

1102 3757 1319 3828 incrementa
1344 3752 1461 3852 cepit,
1489 3753 1621 3829 vicinis
1650 3756 1806 3835 Urbibus
1821 3757 1863 3834 ad

1103 3855 1320 3930 deditionem
1348 3853 1480 3932 coasiis
1496 3911 1504 3930 .
1519 3859 1682 3956 spoletum
1698 3863 1867 3950 ,Cameria

1102 3985 1197 4048 aum,
1223 3959 1258 4030 s<
1286 3957 1458 4050 Firmum,
1485 3958 1559 4060 ejus
1587 3954 1773 4062 praecipue
1796 3967 1867 4038 Ur·

1103 4059 1160 4131 bes
1183 4057 1273 4130 olim
1300 4055 1415 4132 suere.
1441 4063 1496 4132 Ex
1524 4059 1703 4135 Anallasro
1728 4064 1866 4139 Biblio-

1104 4159 1260 4232 thecario
1287 4159 1325 4232 in
1349 4159 1438 4232 Vita
1458 4158 1647 4238 Zachariae
1664 4166 1776 4256 Papae
1792 4170 1865 4242 col·

248 4263 408 4340 tisicibus
435 4261 694 4336 concesserint:
733 4285 826 4339 certe
861 4290 932 4340 non
968 4293 1012 4341 eo
1045 4265 1074 4334 E
1103 4259 1864 4362 ligimus,Marfieum‚Forcoriam,Balaam,
1908 4253 1917 4267 ⁸

249 4367 412 4468 supremo
440 4367 537 4466 jure,
566 4365 658 4461 quod
687 4389 779 4438 nunc
807 4367 1012 4463 Aposlolica

249 4469 354 4544 Sedes
379 4485 541 4556 exercet,
576 4467 611 4539 dt
648 4483 689 4539 ut
727 4465 764 4538 in
807 4485 1011 4562 perpetuum

250 4585 440 4656 exerceat,
466 4567 659 4666 optandum
687 4566 752 4642 cll.
779 4570 907 4642 Obiter
933 4569 1011 4645 heic

249 4667 504 4745 tantummodo
529 4670 837 4770 animadvertam,
873 4667 910 4742 ln
949 4672 1012 4747 Di·

252 4771 412 4874 plom'ate
431 4769 581 4859 Caroli,
613 4790 651 4846 ut
681 4771 843 4862 videtur,
872 4770 1012 4864 Craffi,

252 4881 364 4948 Anno
403 4873 706 4946 DCCCLXlllll.
753 4871 791 4946 iu
828 4871 1011 4948 Chronic.

253 4971 423 5062 Farsens.¹
444 4975 537 5047 Part.
574 4974 620 5046 11.
650 4972 762 5047 Tomi
800 4977 846 5048 ll.
884 4979 1013 5050 Rerum

253 5075 481 5166 Italicarum,
509 5099 586 5175 pag.
613 5079 698 5174 381.
725 5075 927 5150 confirmari
953 5079 1013 5151 bo·

1103 4367 1136 4436 tt
1156 4369 1301 4436 Pennam
1327 4361 1364 4434 in
1392 4363 1513 4436 codem
1532 4368 1672 4441 Ducatu
1690 4369 1864 4443 inclusas.

1108 4477 1139 4539 ls
1153 4466 1246 4537 enim
1263 4463 1385 4538 auslor
1399 4464 1471 4557 est,
1492 4464 1763 4544 Trafimundum
1782 4475 1866 4568 Spo·

1104 4563 1262 4642 letanum
1292 4570 1427 4640 Ducem
1455 4569 1475 4640 d
1505 4569 1731 4671 Liutprando
1771 4574 1867 4670 Rege

1107 4666 1287 4760 defecisse,
1315 4669 1602 4770 conjunsiunque
1630 4697 1709 4746 curn
1738 4673 1869 4744 Roma·

1107 4771 1183 4861 nis,
1199 4769 1240 4842 ad
1268 4797 1356 4870 quos
1386 4770 1419 4846 se
1446 4773 1480 4845 se
1506 4775 1731 4861 contulerat,
1758 4774 1868 4848 Anno

1111 4875 1329 4948 DCCXLII.
1361 4893 1420 4970 pet
1451 4876 1534 4946 duas
1563 4893 1673 4970 partes
1707 4874 1741 4944 in
1769 4873 1871 4948 Fines

1107 4981 1251 5048 Dacacus
1275 4974 1435 5072 Spoletini
1449 4971 1657 5074 penetrasse:
1677 4972 1791 5047 eidem
1810 5001 1869 5051 ve.

1107 5082 1146 5150 rb
1165 5077 1201 5168 sc
1220 5075 1434 5168 subdiderunt
1459 5071 1659 5164 ntarstcaui,
1687 5075 1732 5146 Ο·
1756 5082 1870 5150 Foren-

253 5203 300 5250 na
327 5175 502 5251 Caenobii
530 5176 699 5252 Farsensrs
729 5200 797 5250 ram
825 5179 860 5249 iu
889 5185 1034 5282 Longo-p
1087 5177 1198 5280 pomi,
1224 5199 1320 5273 acque
1353 5172 1556 5267 Baloenses,
1577 5173 1633 5266 fta
1672 5179 1868 5271 Prusenses.

1173 5281 1207 5349 G
1249 5299 1271 5351 a

1679 5276 1819 5373 Addit,
