4622 6140
339 383 426 490 '313
490 452 493 458 Δ
637 375 1036 496 ANTQUtT.
1094 377 1331 472 Mum!
1369 377 1556 470 ἈΕΗ
1761 395 1853 504 -314'

276 490 444 592 perditius
469 499 580 588 Lupus
604 496 798 590 conceffimus
833 497 868 568 in
899 497 1110 593 prediiiaA
1193 497 1322 572 Acium
1357 500 1488 573 Salerni
1528 503 1568 575 le
1608 509 1713 579 Anno
1758 506 1909 602 Vigistmr
1951 527 1954 532 '

270 591 389 686 santia
414 592 555 680 Ecclesia
578 622 647 667 cum
681 624 774 670 uuore
803 597 894 692 sua,
936 600 980 680 (9·
997 600 1043 693 fi·
1143 599 1256 690 tertio,
1284 600 1327 670 θ
1352 601 1393 672 de
1417 608 1521 675 Anno
1540 603 1677 702 septimo
1706 604 1910 703 Principatus

278 698 358 788 liis,
375 694 537 790 filiabus,
564 696 675 790 nuris,
703 700 747 770 θ
770 703 933 797 nepotibus
949 701 1042 794 suis,
1141 703 1277 784 Domini
1300 703 1484 777 Guaimarii
1509 707 1673 804 Principis
1683 704 1768 799 filro
1802 733 1909 800 meuc,

272 800 358 888 scut
376 798 478 896 supra
502 799 625 872 dilium
650 800 712 890 esl,
736 823 794 899 pro
812 829 846 872 eo
864 805 947 898 quod
962 803 1043 900 posi·
1140 813 1179 882 dr
1204 805 1305 900 mense
1327 804 1520 903 Augustus,
1539 809 1686 882 Secunda
1711 806 1908 882 indiilionc.

199 983 202 992 .
279 929 375 1002 quum
401 901 492 974 nobis
516 903 660 998 culpatus
682 903 774 994 suit,
805 903 911 1000 posiea
937 927 1042 978 autem
1232 930 1237 940 ¹
1851 940 1854 948 ·

281 1007 351 1104 ipsa
376 1004 514 1101 ejusdem
549 1005 662 1078 mulier
688 1005 785 1100 super
818 1031 938 1086 annum
967 1007 1043 1104 spa·
1357 1037 1360 1043 ’

280 1115 362 1187 tium
388 1111 490 1206 ipsum
523 1115 651 1204 Lupum
683 1106 797 1180 habuir
830 1105 961 1198 birum,
1003 1110 1047 1180 (5⁸
1262 1045 1390 1225 VJV

273 1215 359 1314 ipsis
375 1211 491 1304 filiis,
517 1209 677 1303 filiabus,
714 1207 759 1280 (Y
784 1207 961 1304 nepotibus.
976 1211 1049 1302 suis

276 1316 383 1416 poslra
403 1333 600 1413 genuerunt,
627 1311 672 1380 (θ’
690 1308 791 1404 juxta
814 1311 914 1406 legem
931 1313 978 1382 ael
994 1310 1047 1416 sn·¹

281 1442 381 1494 erum
427 1413 579 1489 nostrum
619 1411 795 1500 Palatium
837 1411 1046 1508 perbenerunr
1081 1409 1110 1482 B
1316 1345 1340 1480 l

283 1516 486 1618 poteslutem.
512 1522 599 1610 Cum
619 1513 762 1591 omuibus
780 1514 958 1604 rebus‚sub
986 1543 1043 1586 an·
1168 1589 1170 1594 ,

281 1621 340 1700 tiis
359 1619 454 1712 suis,
489 1617 607 1690 munile
631 1637 725 1714 atquc
751 1615 941 1707 immovile,
976 1645 1044 1690 cum
1075 1693 1080 1701 ,
1645 1683 1650 1694 .

282 1722 426 1797 erunibus
453 1719 526 1812 suis
553 1718 759 1817 pertinentiis
793 1721 828 1792 in
857 1718 1046 1814 supradiblo
1186 1714 1254 1790 Uti
1280 1715 1429 1818 quisquc
1454 1717 1579 1810 videt,
1607 1716 1795 1818 profitetur
1820 1719 1905 1797 heiu

275 1821 392 1918 sanila
417 1821 558 1906 Ecclefiu
583 1821 774 1916 concessimus
784 1819 935 1913 securiter
950 1821 1044 1894 aben·
1134 1816 1383 1912 Guainrarius,
1409 1817 1444 1894 se
1459 1820 1566 1896 ¹suam
1593 1819 1843 1910 aulloritntern
1864 1848 1901 1896 a.

280 1927 378 1996 dum.
405 1927 454 1995 Et
479 1923 720 2014 eonslituimus,
756 1918 793 1994 cit
817 1919 925 1992 nullus
950 1921 1043 2005 Basi-
1135 1916 1297 2017 gnoscere
1338 1921 1394 2010 ab¹
1417 1921 1663 2002 Orientalibus
1698 1921 1896 2023 Augustis:

278 2027 365 2116 lico,
405 2053 458 2097 nec
482 2028 649 2120 stratigo,
686 2050 742 2096 nec¹
763 2021 1043 2114 Protospatarius,
1134 2016 1297 2112 concessum
1314 2020 1358 2109 esi
1385 2025 1466 2094 mihi
1491 2029 1513 2095 b
1533 2025 1744 2118 saniliffimis'
1758 2026 1803 2096 (Ὺ
1817 2023 1900 2122 piis·

279 2146 340 2197 aut
362 2126 560 2219 spatarius,
586 2124 815 2213 Candidatus,
839 2141 897 2197 aut
922 2129 1042 2220 Spnta·
1126 2118 1221 2205 semis
1255 2125 1498 2218 imperatoribus
1531 2132 1634 2198 Leone
1669 2126 1714 2196 Φ·
1749 2127 1899 2198 ,Δεκαπ-

278 2224 368 2315 riur,
393 2244 454 2297 uut
478 2224 689 2315 Guflaldeus,
708 2244 767 2298 aut
791 2223 961 2314 sculdais,
987 2245 1046 2297 aut
1132 2223 1219 2310 dro,·
1244 2221 1394 2321 ideoque
1420 2223 1452 2299 is
1478 2223 1685 2300 inscribitur
1720 2225 1900 2323 imperialis

279 2327 510 2424 qualiscumque
534 2327 620 2401 alius
644 2329 762 2399 Serius
780 2323 961 2419 saniiorum
980 2331 1043 2396 im·
1075 2331 1106 2404 C
1132 2325 1317 2398 Patritius.
1344 2325 1466 2400 'Simul
1504 2344 1622 2400 tamen
1649 2324 1824 2427 fignificat
1842 2325 1898 2428 ip.

274 2451 454 2527 perannum
491 2431 631 2502 habeant
662 2427 844 2540 poteslarem
879 2427 913 2498 iu
950 2425 1043 2520 illos,
1133 2423 1188 2518 sc,
1215 2443 1347 2524 quanta
1370 2423 1462 2502 foret
1481 2427 1559 2502 suae
1579 2425 1803 2503 auctoritatis
1821 2452 1898 2501 arn·
1961 2480 1968 2508 ‚-

277 2532 334 2602 vel
360 2531 395 2603 in
428 2557 532 2604 eorum
567 2532 658 2603 rebus
692 2529 910 2630 qualecumque
943 2556 1045 2626 nnga-
1135 2528 1296 2628 plitudo‚
1312 2554 1459 2629 eamque
1475 2555 1583 2630 paene
1602 2528 1899 2629 soprenemtuis·

276 2633 361 2704 man
384 2634 442 2705 uel
465 2634 625 2706 &tionem
651 2631 863 2730 exigendum,
892 2627 953 2720 seri
973 2631 1049 2728 ipsa
1133 2627 1195 2721 se,
1219 2629 1259 2705 in
1286 2629 1370 2706 haec
1398 2631 1503 2706 verba
1529 2633 1708 2738 loquum
1744 2641 1783 2706 ut
1807 2632 1904 2704 litere·

275 2732 350 2829 jum
372 2735 461 2808 title
480 2733 595 2827 sanila
621 2733 760 2820 Ecclesia
785 2733 872 2806 omni
910 2749 1045 2828 tempore
1133 2760 1181 2806 rne
1204 2734 1316 2806 errinde
1335 2731 1439 2824 sarcre
1464 2734 1590 2826 omnio,
1626 2735 1711 2830 quod
1739 2734 1897 2827 voluero,

276 2834 427 2927 senurimr
444 2838 516 2908 illos
531 2837 703 2933 poffideat,
719 2835 805 2921 ficut
824 2836 950 2905 istorum
962 2833 1041 2927 stn-
1064 2829 1067 2839 ’
1124 2833 1211 2938 ficut
1236 2831 1429 2929 antecessores
1454 2837 1516 2906 mei
1540 2861 1645 2906 omnes
1662 2835 1825 2932 Principes
1844 2835 1898 2925 se·

282 2934 367 3006 ilum
390 2935 518 3012 herbum
547 2939 706 3028 continet,
735 2963 833 3036 vquem
858 2933 948 3007 nobis
972 2961 1043 3007 ron·
1125 2955 1269 3006 cerum:
1293 2961 1382 3032 quae
1408 2935 1499 3009 mire
1527 2933 1680 3034 produnt
1706 2932 1895 3034 linguluteu

284 3031 420 3130 cessum,
455 3059 492 3110 ur
529 3065 631 3112 omnes
655 3038 795 3112 beminen
818 3036 915 3125 noslri
938 3036 1045 3110 liceret
1133 3035 1223 3110 olim
1251 3036 1511 3136 praerogativas
1542 3034 1748 3134 Principum
1785 3038 1896 3112 Bene·

278 3136 354 3230 suus
376 3139 535 3214 dominere
560 3145 669 3214 Serbos
684 3169 753 3215 eum
769 3141 914 3213 omnibus
931 3139 1060 3232 rebus„
1132 3136 1237 3210 venti
1259 3153 1364 3233 atque
1391 3136 1546 3216 Salerni.
1574 3139 1807 3212 Perrexerunt
1833 3163 1896 3238 po·-

276 3238 556 3333 scebbmeiucsuis
579 3245 636 3319 uel
659 3243 859 3333 sublimibus,
879 3257 917 3313 ut
940 3265 1045 3312 conus
1072 3242 1107 3311 D
1125 3238 1199 3312 tter
1225 3236 1530 3337 praestantissimae
1549 3237 1631 3314 illae
1649 3238 1896 3340 Langobardi-

282 3339 449 3421 resederunt
466 3342 582 3434 subeur
596 3342 702 3436 ficum
714 3346 810 3437 suam
827 3344 962 3440 lenisque
980 3369 1042 3412 om·
1123 3339 1169 3414 *ci
1196 3335 1375 3440 sanguinis
1401 3339 1575 3439 reliquiae
1610 3339 1814 3440 pervarias
1840 3340 1896 3416 vi-

279 3438 582 3524 nicontradiilione
609 3444 719 3520 senili
747 3443 893 3544 Imperii
913 3442 1039 3518 nostri.
1067 3471 1071 3481 ·
1126 3443 1219 3532 ees,
1247 3439 1429 3538 variasque
1463 3441 1644 3516 ditionum
1671 3440 1809 3516 suerum
1833 3442 1895 3518 ir·

276 3542 398 3612 Iterum
420 3545 587 3639 volumus,
614 3567 653 3626 ut
671 3549 703 3635 fi
726 3548 842 3620 Reilor
869 3545 1042 3643 suprascri-
1133 3539 1321 3618 stioncsin
1338 3540 1384 3616 iis
1398 3539 1602 3642 regionibus
1617 3541 1818 3632 dominari,
1831 3543 1895 3618 do·

276 3661 330 3737 pte
355 3643 446 3716 Ercle
459 3673 489 3716 re
514 3647 587 3718 illos
611 3651 667 3720 nel
693 3649 820 3720 illorum
855 3649 945 3720 rebus
963 3647 1040 3738 sub·
1126 3671 1196 3741 nec
1218 3641 1448 3718 celeberrimo
1467 3647 1772 3720 Nortmunnorunr
1793 3643 1896 3719 Prin·

1545 1053 1635 1130 adest
1660 1051 1827 1156 Sigillum
1855 1081 1912 1130 ce·

1579 1181 1678 1230 rrum
1694 1183 1775 1230 cum
1790 1155 1909 1256 effigie

1153 1235 1531 1362 Rl-st-tA
1580 1259 1615 1329 ἀ
1641 1255 1757 1332 literis

1556 1369 1692 1444 1)st
1704 1367 1909 1444 WAIMA·

1541 1526 1543 1531 ,
1564 1469 1568 1476 ¹
1645 1469 1778 1544 RIVS·

279 3743 410 3818 trabere.
423 3749 563 3818 uoluemt
595 3752 638 3819 'elo
673 3750 822 3846 potestate
852 3749 926 3843 jam
956 3747 1040 3822 aitte

277 3845 443 3938 Ecclefie,
480 3868 682 3920 reuertuntur
717 3850 751 3922 in
781 3853 965 3947 potesiatem
1002 3851 1044 3922 ele

276 3944 441 4019 heredibus
466 3947 600 4041 nostris,
628 3948 714 4034 sicut
734 3972 793 4048 pet
830 3951 957 4022 illorum
984 3952 1040 4044 su·

272 4048 447 4147 Wli'lili
469 4049 634 4146 potestatis
658 4052 749 4126 nolis
779 4047 962 4146 concessum*
975 4053 1040 4143 est,
1065 4075 1069 4093 ·

1125 3743 1205 3844 'cipi
1234 3745 1392 3820 Roberto
1417 3743 1636 3837 Guiicordo,
1661 3744 1803 3848 ejusque
1823 3743 1896 3822 for.

1132 3839 1273 3921 tiliim‘is
1299 3844 1487 3938 fratribus,
1523 3874 1563 3922 ac
1589 3851 1712 3948 nepoti
1739 3846 1895 3948 contigit

1126 3947 1204 4047 pull
1229 3952 1378 4020 Annum
1404 3947 1537 4025 Christi
1560 3952 1650 4024 ML.
1670 3947 1817 4048 dejeilis,
1835 3975 1896 4023 an·

1134 4048 1252 4148 tiquis
1272 4047 1450 4136 dominis,
1471 4047 1641 4144 fimulque
1655 4051 1840 4124 §arumnis
1855 4053 1894 4124 bt

276 4149 322 4218 (θ’
345 4153 389 4222 ab
416 4152 475 4222 illo
497 4151 651 4247 tempore3
677 4173 738 4251 quo
762 4153 827 4251 ipse,
852 4161 966 4248 Lupus
979 4175 1038 4251 pa·
1074 4149 1102 4218 Ε
1129 4149 1300 4240 Graecis,
1327 4149 1463 4248 Apulil
1486 4152 1522 4222 δι
1548 4150 1716 4232 Calabrii
1738 4153 1816 4228 toti
1834 4179 1899 4251 po·
1949 4191 1952 4200 Δ

278 4248 394 4321 fluores
413 4252 504 4346 suit,
528 4255 573 4324 Θ
590 4258 635 4327 uel
647 4256 829 4353 potestatem
847 4255 954 4330 nostri
978 4259 1040 4329 Pa·

278 4351 360 4424 latii
383 4357 548 4450 perbenit‚
584 4384 652 4428 cum
677 4359 821 4430 omnibus
846 4361 934 4430 rebus
963 4357 1039 4449 sub·

271 4453 420 4542 slantie,
456 4456 608 4549 illorum,
646 4461 690 4529 (9¹
725 4460 818 4556 usque
851 4459 941 4530 modo
975 4484 1042 4530 cnm

279 4555 365 4625 omni
391 4555 518 4627 illorum
539 4560 737 4653 pertinentia
755 4560 802 4643 stc
830 4563 863 4630 in
886 4561 1043 4654 integrum

222 4707 227 4712 -
279 4655 315 4726 in
345 4655 473 4752 prefata
502 4658 617 4749 sanila
651 4657 791 4744 Ecclesia
825 4661 1042 4750 conceffimus,

271 4754 357 4840 sicut
385 4753 485 4854 supra
518 4759 638 4832 dilium
673 4759 715 4848 esl
749 4760 794 4833 ael
822 4760 973 4852 securiter
1006 4763 1048 4833 a?

278 4859 438 4936 bendum.

338 4967 433 5053 ,Quod
457 4987 531 5033 vero
556 4957 759 5060 Praeceptum
793 4962 984 5058 concessionis
1008 4991 1045 5034 ex

286 5060 419 5157 jussione
442 5063 648 5162 suprascripte
665 5055 834 5156 Potqslatis
853 5062 980 5163 scripsit
997 5069 1046 5138 E·

291 5190 334 5264 gu
361 5161 455 5256 Ursus
479 5167 657 5272 Notarius3
1060 5165 1070 5274 Ι

1132 4251 1225 4344 tiri,
1259 4251 1375 4326 immo
1410 4253 1445 4323 δι
1480 4249 1646 4332 universi
1679 4250 1823 4346 sicilie,
1857 4256 1894 4326 δε

1132 4352 1358 4431 fundamenta
1384 4349 1531 4428 {laturre
1549 4353 1687 4454 Regni,
1707 4355 1803 4452 quod
1819 4361 1897 4428 rim-

1134 4456 1255 4529 barum
1283 4454 1486 4530 Siciliurum
1513 4453 1658 4529 subinde
1678 4456 1893 4554 appellatum

1134 4555 1179 4630 est
1195 4571 1325 4649 ,nunc
1352 4557 1506 4631 divisum
1533 4557 1571 4630 in
1601 4561 1718 4654 Regna
1753 4557 1894 4652 Neapo-

1133 4657 1178 4732 lis
1206 4677 1313 4756 atque
1340 4658 1508 4732 Siciliae.
1535 4661 1702 4732 Ceterum
1728 4653 1811 4728 clurn
1839 4651 1894 4729 su·

1133 4785 1194 4859 pra
1211 4759 1346 4833 laudati
1366 4757 1544 4856 Principes
1564 4755 1773 4856 viguerunt,
1791 4752 1896 4830 Prin·

1134 4860 1272 4960 cipatus
1299 4858 1352 4935 sui
1381 4864 1528 4948 Annos,
1566 4862 1702 4956 Regum
1729 4881 1827 4931 more
1851 4855 1894 4934 in

1133 4963 1204 5036 suis
1222 4959 1449 5054 Diplonratis
1476 4957 1722 5034 numerabant.
1742 4959 1890 5052 Palatii,

1135 5064 1248 5142 immo
1274 5065 1310 5140 ὅ(
1329 5061 1416 5160 sacri
1439 5060 1587 5153 Palatii,
1605 5059 1642 5132 &
1659 5065 1809 5174 Camenae
1827 5083 1891 5150 nn·¹

1745 5183 1843 5236 nunu
