4602 6136
788 393 1179 514 neomuto.
1230 392 1457 484 Mouet
1503 394 1679 488 utut
1906 403 1978 498 eo·

425 522 578 600 communi
603 519 729 609 confilio
754 521 951 596 Clebonem
979 517 1031 613 (e)
1057 513 1185 607 nobiles
1213 519 1390 621 All'erum
1425 515 1510 588 inter
1538 519 1610 603 isloo
1638 519 1757 610 sratree
1781 519 1864 594 mali
1895 523 2037 600 homines
2121 549 2124 556 ⁴

417 625 536 712 stentem
564 625 598 697 in
628 628 709 698 Urbe
733 620 948 703 Ticinenfium
974 615 1042 702 sibi
1067 623 1187 712 Regem
1273 617 1461 710 discordiam
1481 616 1644 712 fecerunt,
1680 624 1714 694 in
1739 643 1866 696 tantnnr
1891 647 1929 696 ut
1953 630 2037 702 alter

424 721 672 818 constituerunt.
708 719 889 822 Regnavit
914 719 943 790 is
968 723 1071 789 Anno
1099 743 1186 805 uno,
1275 719 1409 804 alterius
1422 727 1572 816 Regnum
1587 721 1770 797 invaderet.
1789 725 1959 800 Grimoald
1969 736 2037 801 Be.

423 829 580 916 menstbur
590 829 668 923 sex.
691 835 736 901 A
751 848 869 924 puero,
889 820 946 918 qui
968 817 1030 917 ipfi
1050 841 1117 890 erat
1136 821 1186 890 ob·
1243 873 1247 882 .
1274 842 1522 895 neventanorum
1540 827 1637 914 Dure,
1656 851 1694 896 ιιι
1712 828 1862 900 mandato
1878 831 2036 924 veniens,

416 931 698 1028 finin'‚1g‘ladio
727 927 899 1022 jugulatus
925 927 986 1008 esl.
1020 921 1094 1008 Posl
1119 919 1188 1014 esus
1274 924 1431 1024 Gudiperr
1453 925 1568 1023 gladio
1596 925 1777 1018 interemit,
1812 931 1932 1028 expleto
1955 937 2037 1006 Au.

476 1055 554 1120 ιιριιι
572 1029 778 1126 langobardi
792 1045 850 1124 per
864 1031 984 1114 Annos
1001 1018 1106 1112 decerto,
1119 1029 1183 1096 Re-
1246 1105 1251 1114 ,
1274 1052 1314 1097 no
1331 1025 1400 1122 posl
1422 1053 1550 1114 mortem
1566 1027 1696 1122 patrie,
1723 1027 1768 1098 (9¹
1782 1029 1840 1121 sen
1861 1032 2036 1120 mensibus.

419 1161 493 1236 gem
512 1163 571 1208 non
590 1135 788 1222 babuerunt,
801 1129 861 1221 sed
873 1124 935 1218 sub
948 1127 1099 1222 potestate
1115 1128 1184 1194 Du·
1274 1129 1416 1200 Perrarit
1435 1128 1550 1226 sugam
1571 1127 1729 1226 arripuit.
1756 1128 1941 1207 Grimoald
1967 1145 2036 1209 Re.

425 1263 492 1308 cum
515 1235 666 1326 suerunt.
705 1231 777 1319 Pesl
812 1249 917 1302 aurem
943 1233 1062 1300 Annos
1086 1228 1187 1296 decem
1270 1255 1373 1326 gnum
1398 1229 1533 1330 accepit.
1571 1230 1702 1303 Multas
1726 1231 1853 1328 quidem
1878 1233 1946 1328 ejus
1971 1237 2038 1310 Hi.

424 1327 585 1434 elegerunt
609 1327 746 1432 Aututi
765 1327 907 1424 Clesonis
917 1327 1053 1422 filium.
1074 1328 1185 1400 Auta·
1268 1331 1416 1418 slmiolas
1438 1331 1575 1404 continet
1598 1331 1776 1423 Chronica,
1794 1333 1855 1426 sed
1874 1357 1978 1431 paura
2000 1339 2038 1416 in

423 1439 454 1510 ri
479 1445 554 1511 verb
580 1439 673 1510 drrxit
688 1433 822 1510 'uxorem
848 1427 1106 1508 Teudelindnm
1122 1439 1186 1500 'no-
1215 1441 1243 1512 Β
1273 1432 1332 1504 bac
1355 1431 1594 1506 adbreviatione
1615 1433 1819 1524 conscribam.
1844 1437 1964 1512 Hicin
1988 1443 2039 1512 E·

424 1541 533 1630 mine,
550 1538 665 1632 filiam
689 1534 864 1612 Gaubaldi
888 1530 1097 1622 Basoarorum
1120 1537 1183 1601 Re·
1275 1531 1359 1604 diblo
1374 1535 1653 1630 Langobardorum
1667 1559 1778 1604 novem
1792 1539 1957 1633 composuit
1973 1546 2040 1613 Ca·

418 1641 497 1740 gis,
518 1639 665 1736 saoHam
691 1643 735 1711 Θ·
760 1635 1001 1728 nabiliffimarn.
1034 1633 1109 1730 lpsa
1133 1657 1183 1704 ae·
1270 1635 1400 1732 pitulo.
1424 1635 1595 1732 Regnavit
1617 1660 1717 1708 annor
1736 1661 1870 1726 nouem,
1895 1640 1941 1710 θ
1957 1667 2041 1714 mor·

425 1741 579 1836 dificavit
598 1741 767 1828 Ecclesiam
786 1737 900 1810 saneti
909 1734 1076 1826 sotoruois
1086 1731 1189 1818 sitam
1276 1757 1349 1808 tuus
1367 1740 1428 1826 ιβ.
1453 1735 1602 1834 Reliquit
1619 1735 1789 1810 Garibud
1800 1736 1879 1830 filio
1892 1740 1951 1833 suo
1970 1751 2040 1814 Re-

424 1845 461 1916 in
487 1843 653 1917 Moditia.
681 1850 754 1916 Reor
774 1838 901 1914 Autaei
926 1839 1014 1933 apud
1039 1835 1187 1906 Ticinum
1271 1865 1391 1936 gnum.
1420 1839 1562 1912 Pertarit
1587 1864 1688 1930 vero,
1713 1837 1770 1936 qui
1795 1860 1831 1910 ut
1851 1839 1926 1935 jam
1949 1842 2040 1914 dixi·

423 1972 572 2037 veneno,
608 1965 645 2018 ur
680 1949 840 2032 tradunt,
874 1961 994 2034 accepto
1028 1938 1184 2027 moritur,
1276 1967 1365 2030 mus,
1385 1940 1472 2036 sugd
1493 1940 1602 2037 lapsus
1624 1961 1715 2031 erat,
1741 1937 1872 2037 egressus
1896 1944 1936 2013 de
1957 1941 2040 2018 Gal·

421 2047 584 2143 poslquam
602 2046 662 2140 sere
684 2061 873 2142 regnaverat
896 2049 1045 2114 Annos:
1059 2045 1185 2136 Lango-
1274 2041 1325 2114 lia
1350 2067 1465 2116 navem
1490 2039 1651 2134 ascendit,
1677 2043 1723 2112 ad
1748 2041 1957 2118 Britanniam
1982 2047 2040 2119 In·
2147 2095 2152 2106 .

425 2149 519 2220 bardi
541 2175 579 2218 ex
601 2147 754 2222 communi
776 2141 924 2234 consilio,
939 2141 1019 2232 socae
1041 2141 1188 2236 Reginae
1271 2143 1378 2234 sulam
1402 2145 1448 2218 ad
1471 2151 1621 2242 Regnum
1644 2145 1805 2216 Saxonum
1828 2146 2041 2238 transmeatu·

424 2247 645 2321 Tendolindae
662 2247 825 2320 licentiam
842 2245 1021 2334 tribuerunt
1033 2247 1187 2338 ‚quarem
1278 2270 1349 2316 run.
1376 2251 1465 2318 Dum
1489 2245 1523 2317 in
1544 2246 1660 2342 pelago
1681 2243 1882 2344 navigasset,
1902 2247 2043 2320 divinut

426 2345 495 2446 ipsa
511 2348 581 2436 sibi
595 2349 714 2443 sociam
735 2341 883 2440 voluisset
901 2341 1065 2440 conjugio,
1089 2343 1187 2415 talem
1216 2371 1249 2445 C
1279 2347 1425 2418 Nuntius
1449 2350 1489 2420 de
1514 2347 1585 2444 ripa
1610 2345 1753 2420 olamans
1778 2347 1809 2418 ei
1832 2347 1942 2422 dixit:
1971 2351 2042 2426 Re·

417 2449 691 2544 ficonslituturos
709 2459 849 2546 Regem.
874 2446 969 2542 Quia
987 2447 1118 2518 multa?
1134 2473 1182 2518 oc·
1284 2464 1438 2541 vertere,
1476 2447 1650 2539 renerio,
1686 2445 1730 2522 in
1762 2467 1890 2524 tottam
1915 2467 2039 2548 tuton,

425 2551 681 2654 cepit.Agiluif
701 2557 820 2626 Ducem
846 2547 1117 2638 Taurinenstum,
1143 2548 1186 2618 u
1279 2547 1364 2646 quia
1386 2549 1493 2626 terrio
1517 2549 1592 2627 dies
1615 2547 1661 2624 est
1686 2547 1813 2642 hodie,
1838 2549 1932 2650 quod
1956 2551 2040 2628 Gri-

427 2655 581 2750 regnauit
596 2662 717 2729 Annos
735 2651 1020 2750 vigintiquinque,
1042 2649 1086 2722 θ
1108 2673 1185 2720 mor·
1281 2651 1397 2726 mould
1419 2650 1610 2743 ,defuerim
1634 2649 1698 2728 est.
1726 2652 1820 2748 Quid
1841 2653 1967 2750 plura?
1991 2679 2041 2726 m·

419 2775 499 2838 tuus
522 2753 597 2848 esi,⁸
613 2761 662 2830 Et
687 2755 838 2850 regnavit
859 2775 918 2850 pro
941 2776 977 2822 eo
993 2750 1092 2844 filim
1117 2748 1187 2842 esus
1279 2753 1388 2845 versuo
1413 2755 1476 2845 ιβ,
1512 2755 1747 2852 &gratanter
1769 2759 1793 2828 b
1819 2755 2041 2853 Langobtrdit

423 2855 651 2949 Adoluvold,
685 2865 805 2932 Annos
838 2857 959 2928 ὀιιιιι.
994 2859 1046 2928 De
1074 2860 1187 2948 Regno
1279 2853 1456 2952 susceptus,
1477 2857 1521 2927 Θ
1540 2859 1586 2930 nd
1603 2855 1713 2954 Regni
1732 2845 1949 2953 gubernacula
1965 2882 2041 2942 ,crn-

426 2955 542 3053 eseilut
564 2959 625 3046 ιβ.
651 2963 690 3032 ln
714 2957 785 3052 esur
809 2965 957 3058 Regnum
972 2953 1110 3048 successit
1134 2957 1183 3026 A·
1275 2953 1408 3042 siiturus
1429 2960 1472 3045 ιβ
1495 2958 1596 3051 ncense
1617 2959 1711 3032 tertio
1730 2963 1796 3054 pasl
1819 2981 1946 3039 mortem
1964 2957 2041 3030 Gri-
2073 3011 2076 3018 ·

420 3057 563 3150 nioeld,
586 3061 631 3132 (θ’
652 3062 920 3156 regnavit'annos
937 3057 1118 3145 duodecim,
1143 3055 1188 3130 v
1280 3059 1418 3133 maddi.
1447 3062 1619 3156 Regnavit
1642 3062 1786 3134 Peruenit
1812 3085 1913 3134 annot
1937 3065 2042 3140 recen

425 3182 565 3234 mortuus
588 3161 648 3248 ιβ.
677 3160 848 3256 Regnavit
869 3181 928 3254 pro
953 3183 986 3228 eo
1013 3155 1186 3246 Rothori,
1283 3159 1327 3230 (9·
1346 3159 1488 3254 septem,
1513 3163 1558 3232 θ’
1582 3183 1721 3234 morem
1746 3160 1812 3247 ιβ.

419 3262 483 3357 ‚qui
510 3258 666 3350 ,Ediblnm
691 3263 970 3356 Langobardorum
1003 3258 1188 3354 composuit.
1216 3287 1248 3354 D
1330 3260 1529 3360 Cuuipeoto
1544 3261 1624 3352 filio
1639 3261 1698 3351 sun
1720 3267 1870 3356 Regnum
1891 3261 2042 3358 reliquit,

425 3361 568 3458 Reliqua
592 3358 663 3454 esur
688 3362 733 3432 Φ·
756 3363 859 3460 digna
886 3359 930 3428 Θ
950 3354 1054 3456 sortia
1078 3359 1185 3447 bella,
1279 3361 1410 3432 Multas
1442 3361 1566 3458 quidem
1599 3359 1669 3454 esur
1702 3359 1879 3448 historiolae
1902 3361 2041 3458 scriptae

424 3489 506 3560 quae
521 3463 641 3560 geffit,
666 3489 766 3534 nonne
784 3461 907 3558 scripta
928 3459 1006 3550 sunt
1028 3456 1064 3528 in
1090 3458 1185 3528 Cboo·
1280 3460 1480 3534 invenimus.
1500 3467 1622 3534 Contra
1637 3461 1763 3536 Alabis
1781 3466 1969 3557 Tyrannum
1983 3462 2041 3554 sn·

422 3565 501 3638 nica
517 3567 794 3662 Langobardorum
809 3560 856 3661 (s)
871 3559 979 3653 ‚sieut
998 3559 1042 3630 (9·
1053 3585 1188 3658 eaquae
1278 3561 1434 3656 rigatione
1441 3561 1601 3654 suslenuu
1612 3565 1655 3651 ιβ
1664 3615 1676 3652 ,
1686 3561 1747 3654 sed
1759 3569 1913 3662 Cunipert
1926 3565 2041 3638 trium·

421 3665 556 3762 snpra?
591 3666 763 3762 Regnavit
788 3663 929 3736 Rothari
951 3685 1051 3734 annor
1077 3659 1187 3753 senne-
1276 3663 1377 3760 plnum
1398 3663 1553 3736 viblmiae
1573 3663 1750 3758 reportavit
1766 3691 1834 3738 cum
1855 3664 2041 3758 exsultatio-

407 3768 507 3858 ¹cim,
540 3767 580 3838 u*
602 3787 740 3836 mortuos
763 3763 825 3852 ιβ.
854 3759 1012 3837 Rodoold
1029 3759 1111 3854 filio
1127 3761 1188 3854 suo
1279 3792 1337 3838 ne.
1373 3767 1544 3862 Regnavit
1564 3765 1633 3863 posi
1658 3789 1785 3838 mortem
1810 3767 1913 3862 patrie
1940 3789 2041 3840 annot

424 3875 576 3963 Regnum
599 3866 748 3962 reliquit.
774 3865 925 3938 Rodoald
945 3887 1021 3935 vero
1037 3889 1133 3961 quum
1151 3891 1186 3936 u·
1277 3867 1455 3944 doudecim.
1479 3871 1519 3942 In
1544 3889 1653 3965 campo
1676 3874 1873 3960 Coronatae,
1891 3869 1946 3944 ubi
1971 3870 2039 3943 bel·

424 3995 528 4056 norem
552 3966 717 4063 cujusdam
730 3961 920 4064 stuprasset,
945 3968 987 4038 ab
1009 3968 1113 4038 rodeno
1136 3966 1188 4038 in·
1279 3968 1345 4040 lum
1379 3991 1486 4042 contra
1520 3970 1647 4052 Alabis
1673 3970 1795 4067 geffit,
1828 3973 1863 4044 in
1896 3975 2040 4044 honorent

422 4069 573 4160 trosellus
597 4069 662 4161 ιβ,
686 4067 851 4168 postquam
874 4068 1010 4166 quinque
1036 4065 1189 4164 regnasset
1279 4070 1377 4144 Beati
1398 4070 1528 4170 Georgii
1542 4071 1596 4172 (g)
1620 4072 1785 4162 Martyris
1808 4071 2041 4159 Monaslerinen

429 4172 555 4261 aunis,
581 4171 760 4268 septemque
783 4170 913 4244 diebut.
949 4171 1035 4241 Huic
1052 4170 1242 4265 suceeffitf
1279 4171 1464 4258 conslruxir.
1501 4169 1668 4270 Reliquit
1686 4181 1835 4274 Regnum
1868 4169 2040 4270 Luitpttt

423 4273 461 4354 in
485 4281 598 4368 Regno
620 4272 791 4372 Aripert.
818 4273 989 4369 Regnavit
1011 4272 1108 4343 annis
1133 4299 1185 4344 no·
1270 4271 1348 4363 filio
1366 4272 1444 4365 suo.
1477 4273 1625 4348 Surrexit
1649 4296 1757 4350 contra
1780 4301 1850 4346 eum
1872 4271 2041 4371 Aripert,

425 4401 522 4464 vem,
550 4375 594 4444 (ι’
616 4395 756 4446 mortuus
777 4373 839 4462 ιβ.
866 4373 1014 4468 Reliquit
1039 4381 1187 4471 Regnum
1279 4373 1323 4444 (9¹
1355 4373 1474 4448 vivum
1507 4375 1764 4473 comprehendit,
1801 4373 1844 4444 Φ
1878 4401 1940 4446 ιιι
1971 4377 2042 4474 posi

424 4473 642 4570 duobussiliis
653 4475 724 4570 suis
740 4473 914 4566 Pertttit,
935 4476 979 4548 C?
993 4473 1187 4576 Gudipert.
1277 4477 1478 4554 multosdies
1495 4478 1531 4552 in
1552 4481 1663 4552 balneo
1678 4476 1755 4548 vieo
1772 4475 1948 4584 privavit.
1972 4487 2041 4553 Re·

1864 4600 1989 4677 gnavrt

428 4719 477 4800 (e)
505 4721 596 4790 tuem
616 4742 731 4790 nomen
754 4718 796 4788 eu
816 4717 931 4798 cutm
952 4737 1003 4786 aot
1024 4720 1140 4800 claffo.
1153 4740 1185 4785 e·
1374 4703 1558 4794 munaum
1585 4724 1752 4794 meminit.
1780 4719 1868 4790 vide
1887 4735 1967 4802 quae
1987 4713 2039 4782 ino

507 4799 559 4898 jus
595 4825 612 4870 e
634 4805 770 4900 nummio
791 4801 930 4870 laudatus
960 4801 1086 4870 Paullus
1114 4801 1185 4868 scri-
1354 4747 1454 4874 ierius
1472 4806 1621 4875 annotavi
1645 4805 1699 4876 sub
1719 4807 1811 4875 litero
1830 4801 1901 4879 (hi,

431 4945 438 4954 .
505 4826 683 4981 brriiegem
696 4883 1184 4966 {nolieLtngobardorumffluunr
1274 4885 1326 4970 (g)
1348 4885 1452 4954 Rene
1472 4885 1572 4984 noster
1591 4887 1704 4956 Codex
1724 4903 1796 4954 cum
1819 4879 1920 4946 MSto
1941 4871 2037 4944 Paul·

503 4965 602 5032 adhuc
624 4989 655 5034 ιη
680 4967 863 5050 Rugeinnda
882 4981 1145 5032 commoraretur.
1351 4969 1375 5037 li
1402 4969 1444 5036 de
1470 4968 1572 5038 Gestis
1601 4965 1792 5052 Languor.
1819 4957 2034 5028 Ambrofitu·

421 5041 470 5133 (s)
491 5043 602 5124 ¹Paulli
623 5045 759 5122 Diaconi
790 5048 901 5115 Libros
920 5047 958 5112 oe
979 5043 1081 5112 Gestis
1105 5043 1185 5110 Lon·
1350 5049 1549 5202 qq'rvetusso,
1577 5045 1701 5116 rameru
1726 5043 1866 5139 ulfriqoe
1894 5040 2036 5120 Codices
2077 5081 2082 5094 ·

504 5113 707 5218 gobordotum
729 5131 853 5213 innuit,
879 5147 978 5217 eoru·
1010 5145 1048 5220 ις
1078 5125 1185 5208 pulsnm
1383 5129 1460 5204 adli
1481 5131 1618 5205 habeut
1638 5135 1794 5214 Gttgttrr.

503 5225 634 5276 nomme
654 5207 833 5296 cbrmicre,
864 5207 917 5282 scu
937 5215 977 5277 tu
1005 5229 1083 5278 orcae
1102 5189 1253 5296 Lon-l,¹
1454 5273 1459 5282 ,
1555 5269 1560 5276 .
1830 5263 1841 5274 .
1972 5217 1974 5224 ’
