4532 6154
490 437 577 530 583
815 409 1200 532 antidoto.
1243 409 1664 502 Menelaon!
1904 411 1994 527 384

426 549 484 628 per
509 535 565 630 qui
589 532 647 606 vel
670 555 750 631 quae
771 531 872 624 suerit
897 533 1001 630 major
1027 562 1066 606 eu
1094 536 1194 607 natio·
1224 537 1256 609 A
1286 533 1350 622 ni,
1377 535 1412 606 ἃ
1440 527 1527 606 item
1555 529 1698 607 oodoni
1729 525 1871 708 ¹quiretis
1899 529 2021 606 nostris
2037 547 2057 622 ‚'

429 657 490 721 ne,
510 636 625 708 habeat
645 635 743 731 ipsam
762 635 1009 710 ordinationem.
1029 639 1198 734 Postquam
1285 633 1342 710 seu
1366 634 1475 708 etiam
1500 633 1655 710 Ardoioi
1682 659 1728 708 no
1757 635 1787 707 ri
1806 629 2049 728 Coniuatini,

428 753 535 804 autem
551 735 646 827 filii,
674 738 719 806 (9·
734 733 855 827 filiae,
874 737 933 831 seu
958 739 1053 811 liberi
1077 765 1194 810 eorum·
1284 741 1379 834 quim
1411 758 1469 833 pto
1494 739 1661 828 aviabur,
1688 735 1883 824 avunculis,
1910 734 2050 827 amitis,

427 835 500 906 dem
512 834 678 934 jugalium
700 837 880 929 defuerint,
898 859 974 913 tuno
995 838 1196 933 iudicemus,
1282 839 1479 932 materterit,
1506 840 1550 911 (9⁹
1579 861 1638 938 pro
1662 837 1805 911 omnibus
1836 835 1947 910 oeteris
1972 857 2050 932 pro·

428 933 474 1006 07
494 955 553 1032 per
586 937 644 1009 boo
667 937 803 1028 ιιιβιιιιιι
837 940 1054 1030 testamentum
1083 941 1192 1037 coufir-
1279 941 1502 1040 pinquioribue
1527 941 1638 1029 uoslris
1663 939 1822 1036 utriusque
1842 939 1957 1028 seruus,
1973 935 2049 1022 five

426 1059 572 1130 mamus,
599 1059 636 1110 ut
660 1043 913 1140 quandocumque
944 1045 1132 1141 eontigerit,
1158 1066 1195 1116 ut
1278 1064 1337 1142 pro
1370 1043 1514 1117 omnibus
1535 1041 1693 1136 fidelibus
1716 1039 1895 1134 Αιβιιιθὶι,
1920 1059 1957 1112 ut
1986 1039 2062 1135 su·-

425 1139 544 1211 olbbas
579 1137 715 1234 ejusdem
750 1143 940 1231 Menasletit'
975 1145 1115 1236 obierit,
1150 1147 1196 1218 0·
1281 1167 1341 1243 pta
1365 1143 1487 1217 dilium
1511 1142 1579 1236 ιβ,
1606 1145 1763 1216 mercede.
1797 1137 1923 1228 ideali
1948 1141 2049 1212 conti.

426 1237 529 1312 ulium
564 1241 771 1332 constituendi
809 1245 965 1340 neoeffitas
994 1246 1121 1339 suerit,
1157 1268 1194 1319 ιιι
1278 1247 1385 1344 gerit,
1405 1267 1442 1318 ut
1463 1247 1622 1346 quaelibet
1636 1245 1789 1344 persona,
1805 1269 1949 1339 magna,
1971 1263 2049 1339 pat-

422 1359 483 1438 per
503 1342 681 1416 eleilionem
704 1347 931 1418 Monacborum
952 1347 1092 1442 ejusdem
1118 1353 1188 1420 Mo·
1281 1373 1386 1444 voque
1407 1350 1490 1420 hane
1515 1345 1649 1437 nostran
1674 1347 1872 1420 uniuntateeu
1895 1345 1940 1417 O*
1961 1343 2047 1416 ordi·

427 1441 559 1530 naslerii
568 1442 638 1537 fiat
655 1445 769 1518 elesius
786 1449 905 1522 Aibat
925 1451 966 1522 de
983 1452 1091 1523 eadem
1108 1457 1186 1524 Con·
1222 1447 1251 1520 B
1281 1451 1462 1539 nationem,
1484 1473 1567 1546 quaa
1585 1445 1731 1546 superius
1755 1447 1844 1519 ditia
1871 1443 1937 1536 ιβ,
1962 1447 2046 1543 quad

421 1547 630 1640 gregoriam,
665 1575 725 1620 nou
761 1549 894 1622 aliunde
926 1573 1103 1642 utereturne,
1139 1580 1192 1634 uec
1281 1575 1342 1622 non
1376 1571 1545 1646 optamus,
1571 1579 1626 1624 ιιι
1655 1551 1825 1646 cupimus,
1853 1548 1914 1641 sed
1947 1573 2046 1644 neque

425 1643 541 1746 elalius
558 1646 628 1740 sit,
648 1647 709 1743 sed
735 1650 812 1742 iile,
838 1677 928 1748 quem
953 1657 976 1724 i
1001 1652 1119 1748 majera
1146 1657 1189 1726 θ
1273 1651 1461 1750 sperarunt,
1494 1651 1663 1726 execrabili
1696 1649 1871 1750 eupiditate
1904 1647 2043 1744 dulles,

423 1746 548 1820 meliore
577 1771 671 1849 parte
703 1779 805 1824 eorum
840 1755 1067 1828 Monadorum
1090 1757 1192 1848 suerit
1280 1779 1327 1826 ree
1344 1753 1509 1852 praefatas
1529 1775 1633 1846 toras,
1651 1757 1707 1826 vei
1730 1775 1952 1848 quencumque
1966 1772 2046 1850 pae-

423 1847 562 1944 elenae,
587 1855 706 1928 Aibat
723 1853 810 1948 fiet.
844 1859 893 1928 Ee
919 1857 967 1930 ita
992 1857 1191 1948 constitutum
1278 1876 1362 1944 tem,
1384 1853 1466 1942 licut
1491 1881 1513 1929 o
1539 1857 1647 1946 nobie,
1674 1853 1798 1928 uuilore
1823 1853 1961 1928 Domino
1986 1879 2043 1925 uo·

423 1951 446 2021 ὸ
471 1952 562 2025 nobis
589 1952 658 2045 fit,
685 1977 722 2026 ut
747 1981 829 2028 ιιιιιιι
860 1985 901 2028 ιιι
925 1959 1096 2033 Monaeleie
1120 1959 1187 2054 esu·
1273 1956 1339 2044 βιι
1354 1956 1439 2050 Jesu
1460 1957 1604 2048 Chrislo,
1626 1961 1673 2030 ad
1698 1956 1790 2028 illius
1810 1955 1973 2043 honorem,
1996 1956 2043 2028 Θ·

415 2053 508 2145 sdem
542 2053 732 2144 Mouasleeii
762 2079 820 2154 pet
852 2058 1027 2151 eonsensum
1058 2059 1190 2150 maioris
1277 2057 1346 2150 esus
1389 2080 1563 2156 pauperum
1601 2055 1836 2148 consulatioureu
1874 2057 2040 2131 ordinatae

419 2153 528 2248 partis
556 2156 600 2225 θ’
626 2156 765 2227 meliotis
796 2179 982 2231 caeterorum
1015 2163 1187 2236 Monachu-
1271 2159 1376 2251 sunt,
1415 2158 1563 2253 aliorsum
1611 2157 1806 2252 λιβιιιόιιι,
1847 2157 2039 2250 immorare,

420 2277 493 2325 rum
518 2252 657 2350 ejusdem
691 2257 882 2344 Moneslerii
904 2281 1004 2355 ponat
1029 2265 1186 2336 Bauelueu
1275 2281 1481 2352 commutare,
1501 2261 1557 2354 seu
1580 2261 1716 2356 quolibet
1738 2261 1865 2335 uitemu
1886 2259 2037 2332 volunta·

414 2355 513 2452 super
538 2355 622 2428 idem
645 2357 767 2433 Altam
794 2359 891 2458 ipfiue
916 2359 1075 2448 Basilicae
1097 2366 1186 2462 priu-
1212 2373 1246 2446 C
1276 2386 1337 2434 ιιιιι
1372 2363 1417 2435 0·
1439 2361 1510 2453 sam
1542 2361 1663 2436 dilium
1697 2360 1831 2450 noslram
1861 2361 2038 2436 ordinatio.

418 2457 1185 2658 rs‘tttrte‘ttttte
1271 2463 1782 2660 r::„,t¹'⁰¹t;:„rns“:ttze
1799 2463 2037 2654 99999

1168 2613 1183 2634 ”
2017 2617 2032 2656 9

413 2659 509 2755 ficis,
535 2662 592 2758 qui
615 2662 658 2748 ιβ
682 2667 777 2760 Papa
801 2671 987 2755 Romanus,
1009 2665 1092 2754 sient
1111 2669 1185 2765 satu
1269 2669 1431 2764 eligamur
1455 2695 1493 2742 ee
1511 2666 1547 2761 se
1574 2667 1650 2765 ipsis
1675 2694 1757 2740 ιιιιιιι
1787 2667 1842 2740 nel
1866 2667 1949 2755 duo,
1974 2663 2031 2762 qui

411 2761 891 2859 su
1029 2775 1179 2966 99
1271 2769 1491 2943 oter
1513 2769 1593 2962 9
1607 2797 1652 2944 e
1671 2769 1869 2944 ten
1888 2768 2035 2940 9999

649 2893 731 2937 ιι
935 2895 1047 2942 amo
1165 2901 1181 2946 e
1302 2897 1338 2942 ae
1423 2896 1720 2962 reae,euaue
1853 2898 1938 2942 ιι

412 2957 585 3058 omseetari
605 2971 627 3038 ὸ
644 2992 830 3066 quocumque
852 2971 992 3042 wlureio
1009 2973 1181 3072 Episcopo.
1269 2972 1414 3062 chatiis,
1446 2971 1692 3070 laudatumque
1728 2973 1823 3046 Petri
1856 2893 1912 3044 ἐξ
1937 2969 2037 3054 Pauli

412 3071 465 3142 Et
480 3065 529 3152 fic
546 3069 586 3140 de
608 3069 750 3143 omnibus
766 3071 979 3164 Aebutius,
998 3073 1054 3168 qui
1076 3075 1110 3145 in
1129 3103 1175 3148 eo·
1269 3073 1431 3172 Principis
1468 3076 1715 3172 Apostolorum,
1761 3075 1806 3146 <9¹
1849 3071 2036 3148 Saulloruru

411 3171 483 3242 dem
505 3169 701 3258 Menaslerio
722 3174 765 3245 ab
785 3171 859 3245 hine
883 3173 917 3244 iu
940 3193 1036 3246 antea
1054 3175 1180 3266 suerint
1259 3181 1291 3267 J
1291 3175 1426 3249 ohannis
1460 3175 1652 3275 Baptistae,
1689 3176 1734 3246 Φ·
1768 3174 1845 3246 ιἰιιιι
1869 3173 2038 3267 Ιιύιιιιιιὶιι

412 3269 555 3342 ordinati
567 3323 578 3360 ,
605 3275 654 3344 ita
679 3271 922 3370 intelligendum
946 3273 1009 3362 ιβ.
1066 3313 1081 3374 '.
1208 3277 1241 3348 D
1270 3275 1523 3373 Evangelisiae,
1557 3299 1653 3372 atque
1685 3271 1799 3348 Sanlli
1825 3283 1857 3366 J
1858 3275 1943 3366 usli,
1980 3273 2035 3346 illi

463 3376 513 3444 Et
539 3377 609 3462 ita,
635 3394 673 3442 ut
691 3373 911 3470 suptadrflum
936 3374 1001 3466 ιβ,
1023 3397 1082 3473 pet
1109 3379 1168 3450 eul-
1265 3377 1430 3473 personae,
1456 3377 1513 3472 qui
1545 3375 1599 3446 boe
1628 3381 1888 3469 perpetraverit,
1914 3394 1953 3442 ut
1979 3375 2037 3442 di·

410 3471 547 3562 tellum,
565 3469 715 3566 fislucam
749 3479 925 3570 nudatae»,
953 3498 1173 3572 vuantmem,
1265 3477 1395 3563 mittat,
1421 3475 1622 3566 mundaeque
1657 3471 1783 3562 implere
1810 3469 1911 3563 ipsam
1942 3471 2031 3538 ordi·

408 3573 454 3648 δ’
484 3595 542 3672 per
565 3575 739 3669 vuasonem
773 3599 895 3664 terrae,
921 3599 1016 3670 aeque
1037 3602 1095 3679 per
1120 3608 1169 3653 ra.
1263 3575 1444 3662 unionem,
1470 3595 1550 3668 quae
1584 3569 1724 3658 superius
1758 3566 1801 3654 ιβ
1837 3567 2028 3643 nominata.

408 3701 494 3746 mum
518 3677 660 3766 arboris,
686 3680 732 3750 ad
756 3681 887 3750 eundem
912 3685 1038 3770 Deum,
1060 3681 1106 3752 Θ·
1129 3685 1174 3756 ad
1260 3676 1299 3748 oe·
1322 3681 1397 3746 veri
1421 3669 1487 3770 poll
1517 3671 1656 3768 primam
1692 3670 1736 3742 (9·
1760 3668 1950 3760 secundam,
1973 3669 2030 3760 sert

405 3776 566 3870 praesatos
599 3775 733 3847 senties
766 3777 856 3866 eius,
882 3779 1060 3874 legitimam
1093 3783 1168 3872 saei.
1262 3777 1357 3850 etiam
1382 3773 1510 3848 tertiam
1535 3772 1787 3846 ammonitionem
1811 3771 1947 3868 asentire
1973 3795 2030 3844 no·

405 3897 479 3950 mue
511 3872 737 3968 traditimem,
773 3878 819 3948 Θ·
851 3879 1098 3976 investituram,
1125 3886 1170 3956 (n
1266 3883 1382 3968 luerit,
1410 3879 1454 3947 o
1481 3875 1707 3970 interregibilis
1733 3873 1945 3947 contumatiae
1958 3873 2029 3971 spi·

406 3997 465 4046 etot
489 3975 601 4048 euiude
622 3975 728 4067 soris,
747 3978 834 4065 ficut
857 3980 1006 4078 superius
1030 3986 1171 4082 legitur,
1265 3982 1362 4054 titum
1388 4000 1449 4050 nou
1484 3976 1682 4074 deposuerit,
1702 3973 1770 4070 flat
1802 3983 1842 4048 de
1874 4001 1929 4068 eo,
1948 3977 2032 4065 sicut

404 4075 452 4147 όν
471 4073 580 4168 subter
605 4075 818 4174 adfirmatur,
844 4083 1042 4180 eupulimus,
1071 4112 1169 4158 vuae-
1263 4081 1397 4173 nuscitur
1411 4084 1642 4154 decantatum:
1660 4080 1744 4176 quia
1770 4075 1967 4178 persecutus
1984 4079 2031 4156 est

399 4175 570 4276 pivimus,
583 4178 737 4268 sacientet
758 4184 916 4256 Monacbi
937 4185 1074 4278 ejusdem
1096 4191 1167 4257 Me·
1202 4179 1231 4252 Ε
1262 4183 1445 4257 hominem
1483 4177 1628 4280 inopem
1663 4182 1700 4253 δι
1735 4178 1935 4256 mendicum
1956 4183 2027 4272 ,ἃ

404 4275 536 4366 naslerie‘
572 4279 715 4351 ordinati
747 4287 790 4356 ad
817 4284 946 4378 suerum
980 4287 1092 4378 husun
1127 4291 1171 4356 θ
1265 4281 1517 4382 compuniium
1535 4280 1640 4356 corde
1655 4279 1892 4373 mortificare,
1906 4285 1942 4356 ἃ
1956 4307 2026 4360 nou

397 4379 563 4478 sumptum
602 4378 759 4476 quidquid
793 4383 981 4476 voluerint,
1016 4408 1084 4458 tam
1114 4405 1172 4482 pro
1262 4383 1308 4458 est
1342 4383 1543 4460 recordatus
1572 4379 1684 4456 facere
1720 4381 2026 4476 misericordiam,

403 4483 533 4556 animae
558 4477 699 4572 nosirae,
726 4481 957 4580 noslterumque'
973 4486 1172 4580 genitoribus
1262 4487 1298 4557 δι
1335 4483 1468 4562 dilexit
1503 4481 1815 4573 malediliionom
1839 4485 1891 4568 δικ
1908 4485 2026 4560 veniet

404 4584 450 4655 Ο·
468 4583 700 4681 genitricibus,
715 4579 829 4674 filiis,
842 4581 1039 4681 filiabusque
1061 4585 1174 4675 ιιιβιίι
1261 4584 1317 4674 ei,
1337 4585 1373 4658 8<
1400 4584 1520 4660 noluit
1543 4583 1851 4671 beneditionem.
1869 4587 1904 4659 oe
1929 4589 2025 4662 elon·

402 4709 506 4756 eorum
523 4682 623 4782 supra
642 4682 828 4780 jugalium,
848 4679 918 4756 five
937 4685 1093 4760 Ardoini
1118 4691 1169 4760 A.
1260 4683 1401 4784 gabitur
1436 4687 1479 4762 ab
1509 4711 1572 4762 eo:
1601 4705 1758 4784 torumque
1791 4687 1843 4776 ei,
1870 4691 1954 4784 quod
1985 4693 2022 4761 io

402 4783 442 4859 vi
469 4784 601 4878 nostri,
627 4803 734 4882 utque
759 4781 949 4857 Adelberti
985 4787 1166 4862 Marchio·
1258 4784 1387 4879 persana
1402 4791 1518 4878 Judae
1542 4787 1709 4860 traditoria
1741 4788 1861 4878 Christi
1886 4791 1931 4862 0·
1955 4815 2023 4862 ma·

402 4885 458 4960 nis
482 4886 581 4984 cujus
601 4883 701 4985 supra
727 4887 851 4958 Bootae
874 4883 1083 4960 Comieiffae
1102 4888 1164 4960 fra·
1254 4887 1413 4978 lignorum
1451 4885 1591 4970 Ecclessa
1623 4889 1790 4968 decantare
1826 4889 1931 4981 solet,
1965 4913 2022 4987 per

400 4985 498 5079 teis,
533 4985 762 5084 filiorumque
797 4981 968 5070 suorum,
996 5012 1060 5058 nec
1096 5013 1166 5058 non
1212 5025 1215 5032 ·
1249 4981 1400 5076 singulae
1437 4988 1467 5057 ei
1505 4991 1689 5062 decantetur
1727 4990 1908 5076 Ecclesiae,
1944 4993 2040 5090 quia,

401 5085 587 5174 oddonis,
613 5085 788 5178 Arionis,
825 5083 987 5183 Ugonis,
1019 5086 1183 5172 vvida,
1257 5087 1345 5154 oeus
1377 5084 1487 5157 dixit:
1516 5088 1685 5181 Quandiu
1716 5086 1843 5166 fecistis
1878 5093 1941 5168 uni
1977 5121 2023 5194 et

401 5185 459 5264 nie
485 5186 634 5264 fratrum
661 5185 885 5278 nostrorum,
912 5182 1001 5260 item
1027 5185 1189 5284 Aeduus-s
1237 5181 1415 5280 sminimio
1434 5186 1545 5278 meis}
1568 5185 1661 5260 mihi
1683 5185 1835 5288 fecitte,
1858 5195 1904 5282 Ψ.
1909 5221 2028 5410 2319
