4532 6154
311 388 394 464 601

594 369 1112 462 DlSSliRTATlO
1161 367 1525 462 SEPTIMA.

1720 389 1805 465 σοι

239 492 283 564 ris
315 490 467 564 Palatini
500 487 595 567 foret
630 491 851 582 mamitos,
884 515 930 566 cx
965 515 1008 564 eo
1038 489 1170 587 Apini
1194 489 1299 586 Regis
1328 489 1420 579 falia
1443 492 1489 566 aa
1515 493 1693 565 Paulinam
1716 493 1865 566 Patriac-

240 591 451 690 intelligas‚
487 593 636 670 univerfi
678 595 792 696 Regni
831 595 1006 695 Populum

242 694 391 793 potuill'e
428 697 602 796 appellare
638 698 657 770 i
686 697 875 788 Ducibus,
908 699 1005 770 Mar·

243 797 455 887 chionibus,
491 800 525 870 ἃ
554 797 760 874 Comitibus
786 797 829 874 ad
865 796 1003 898 ipsum.

243 902 290 974 Et
327 899 364 973 in
401 921 621 996 quacumque
658 899 772 1002 Regni
810 918 908 1000 parte
942 900 1007 974 ille

242 1000 458 1090 versaretur,
484 1025 528 1073 ex
555 1001 734 1076 ordinaria
756 999 925 1076 facultate
953 1003 1002 1098 ju·

243 1101 360 1176 dicare
386 1101 418 1174 is
451 1121 611 1200 poterat,
647 1129 687 1178 ac
714 1101 906 1179 sententias
932 1107 1004 1180 Du·

244 1228 324 1276 cum
360 1204 394 1274 δι
431 1202 643 1302 reliquarum
675 1205 912 1296 Potestatum,
946 1203 1003 1280 seu

1100 591 1210 684 chana,
1245 597 1414 664 Anconem
1447 593 1747 689 Arcbicpiscopnnt,
1782 597 1868 666 Fac·

1100 692 1227 782 dulfum
1250 695 1439 786 Atinam,
1471 693 1517 764 U·
1540 694 1733 790 Ecberigttnt
1760 695 1868 766 Conti-

1100 815 1162 866 tent
1180 795 1330 885 Palatii,
1351 800 1407 864 wi
1429 793 1564 889 reliquas
1583 795 1650 865 icco
1665 821 1789 885 aarum,
1809 797 1868 890 qni

1101 916 1176 968 tanc
1197 897 1249 968 bic
1269 903 1304 966 t'rr
1327 895 1431 968 ltalia
1452 895 1547 988 Miffi
1564 895 1698 987 suerunt
1716 897 1786 969 &n
1809 899 1867 970 Ett

1101 1021 1186 1095 ergo
1209 994 1363 1094 primum
1386 997 1517 1070 Palatii
1538 995 1692 1069 Cnrritcnt
1713 999 1734 1070 ὲ
1757 1000 1866 1072 Fran·

1102 1123 1223 1172 corum
1249 1093 1400 1200 ⁴genere,
1428 1096 1556 1174 Italiae
1581 1097 1731 1189 clatum,
1757 1121 1865 1196 quem

1065 1243 1069 1252 ·
1099 1225 1168 1300 ego
1192 1201 1336 1274 norim:
1373 1197 1545 1276 fitameo
1572 1223 1693 1274 resera
1721 1223 1865 1274 munere

242 1302 512 1403 Magistratuum
540 1305 747 1383 cerraiiare.
779 1303 897 1382 Miffis
925 1310 1002 1380 Do·
1102 1301 1171 1376 hoc
1194 1299 1377 1377 ordinario
1413 1299 1452 1375 in
1479 1299 1585 1376 Italia
1619 1298 1668 1374 eli
1700 1297 1864 1378 iuniius.

243 1403 412 1495 minicia,
436 1404 626 1504 dequibus
650 1407 713 1484 suo
735 1411 819 1482 loco
840 1433 1004 1510 agemus,
1039 1403 1068 1475 B
1103 1404 1175 1478 Sub
1191 1403 1315 1478 eodem
1335 1428 1475 1502 quoque
1495 1402 1631 1478 Carolo
1644 1404 1782 1502 Magno
1798 1409 1867 1474 He·

244 1523 319 1580 erat
354 1531 416 1606 par
449 1503 526 1580 fere·
557 1509 727 1609 potestas,
762 1509 817 1584 sed
846 1509 1004 1611 delegata

243 1633 285 1681 ac
309 1625 558 1706 temporanea,
580 1611 616 1683 δι
642 1611 827 1688 constriiia
853 1615 1002 1712 plerum·

244 1733 312 1806 que
336 1708 564 1808 adaliqunm
593 1711 842 1805 Provinciam,
866 1711 923 1788 seu
950 1714 1001 1786 lo·

243 1835 346 1883 cum.
371 1813 598 1912 Quamquam
625 1815 700 1890 veri
724 1841 866 1913 quoque
892 1811 1003 1889 finite

243 1907 315 2000 eli,
345 1911 495 2011 potuilie
520 1915 795 2086 appellationem
822 1915 1002 2002 interponi

244 2014 263 2084 i
282 2010 454 2088 sententia
472 2015 530 2114 eju
547 2015 644 2090 modi
661 2015 849 2090 Millorum
868 2017 912 2092 ad
932 2021 1001 2092 Co·

243 2113 369 2187 mitem
384 2115 538 2189 Palatii.
559 2115 710 2191 Proinde
728 2117 870 2192 uberem
884 2118 1001 2192 auiio·

1101 1507 1269 1578 anatum
1287 1505 1441 1576 Comitem
1461 1505 1589 1576 Palatii
1609 1501 1708 1579 luill'e
1729 1501 1870 1578 constat

1101 1633 1144 1681 ex
1168 1605 1352 1682 Chronico
1376 1603 1549 1695 Faciensr,
1570 1607 1663 1678 Part.
1683 1607 1731 1678 11.
1748 1605 1863 1680 Tomi

1104 1707 1536 1808 ll.Ret.1talicar.pag.
1559 1728 1646 1803 357.
1671 1704 1738 1780 Sed
1763 1708 1797 1780 tc
1823 1706 1864 1780 iu

1101 1810 1224 1884 eodem
1251 1808 1436 1884 Chronico
1460 1833 1539 1910 pag.
1565 1809 1653 1904 362.
1679 1805 1719 1882 in
1750 1805 1865 1884 Placi-

1103 1929 1141 1986 to
1164 1908 1287 1986 habito
1310 1907 1470 2012 Spoleti,
1491 1913 1604 1984 Anno
1623 1911 1862 1984 occcxtv.

1102 2031 1337 2088 memoratum
1362 2008 1485 2084 videas
1507 2017 1688 2105 Sappcncaa
1710 2010 1866 2082 Comitem

1099 2115 1248 2203 Palatii,
1271 2112 1334 2212 qui
1357 2110 1466 2186 etiam
1494 2108 1671 2211 praecedit
1693 2111 1864 2184 Gainicbi·

241 2213 385 2288 ritatem
413 2213 619 2289 transfusam
648 2216 832 2318 intelligas
857 2218 896 2293 io
923 2219 999 2295 wi·
1094 2215 1190 2309 so&
1219 2217 1368 2288 Hcccideo
1393 2213 1567 2286 Ducibus:
1599 2229 1699 2286 tanta
1730 2211 1864 2312 quippe

242 2314 372 2388 bodum
400 2316 619 2390 Parmonlem
647 2317 860 2419 Episcopum
888 2321 907 2392 i
933 2325 1000 2395 Ca·
1035 2309 1069 2382 C
1100 2334 1175 2391 erat
1193 2316 1348 2414 dignitas
1367 2313 1524 2388 Comitis
1545 2311 1723 2387 Palatini.
1746 2318 1808 2386 An
1830 2313 1863 2390 is

239 2417 320 2490 tolo
345 2415 468 2490 Crall'o
502 2417 629 2491 Italiae
655 2423 774 2519 Rege,
808 2445 918 2517 quum
954 2423 997 2495 le·

240 2517 295 2616 gis
330 2516 369 2590 in
403 2519 479 2615 ejus
506 2518 715 2615 Diplomate
750 2519 841 2620 apud
868 2519 998 2620 ttghet·

241 2620 331 2689 lium
358 2616 467 2688 Tom.
495 2639 530 2690 2.
558 2619 638 2692 Ital.
667 2623 759 2695 Sacc.
788 2619 826 2696 in
856 2623 998 2696 Catalo·

241 2741 288 2815 go
309 2715 481 2790 Parmens.
499 2716 778 2820 Episcoporumt
807 2727 936 2798 Habeat
954 2727 1001 2822 ip·

234 2817 306 2902 fitts
327 2817 485 2904 Ecclesiae
505 2820 677 2920 Episcopus
694 2823 856 2897 licentiam
873 2823 999 2912 dilicit·

238 2918 361 3015 gandi,
381 2917 581 3012 definisttdt',
602 2924 660 2995 vti
679 2921 901 3016 deliberandi,
919 2945 1000 2999 tarm-

242 3045 339 3116 μω
359 3019 456 3108 ncllri
471 3026 581 3094 Cancer
597 3023 748 3116 Palatii,
770 3051 876 3098 omnes
890 3048 939 3100 tes
958 3027 1003 3100 o

236 3119 388 3214 familias
408 3141 477 3195 tatn
500 3125 640 3197 omnium
660 3127 872 3220 clericorum,
895 3151 995 3226 quam-

1097 2415 1192 2490 iciem
1212 2414 1339 2503 fuerit,
1356 2413 1420 2512 qui
1436 2417 1547 2488 Anno
1560 2411 1691 2487 christi
1709 2417 1862 2490 DCCC·

1099 2518 1218 2590 xxlt.
1243 2517 1378 2616 Spoleti
1410 2519 1491 2588 Dux
1527 2513 1710 2590 inliitutus
1739 2513 1810 2590 suit
1839 2517 1859 2590 i

1097 2618 1286 2693 Ludovico
1309 2617 1377 2692 Pio
1399 2615 1582 2716 Augusto,
1607 2617 1642 2688 ic
1667 2615 1740 2735 poll
1762 2614 1886 2706 bien-⁴

1098 2721 1198 2794 nium
1227 2736 1370 2793 naturae
1397 2717 1557 2792 debitum
1589 2715 1723 2808 solvit,
1743 2717 1860 2794 decer·

1097 2847 1179 2896 nere
1206 2845 1277 2895 noo
1310 2817 1437 2896 aulirn.
1467 2823 1609 2894 Nomen
1634 2819 1670 2890 δι
1699 2835 1858 2920 tempora

1096 2938 1314 3024 congruunt.
1329 2923 1464 2994 Verirm
1484 2918 1673 3018 postremus
1689 2917 1750 2993 hic
1764 2924 1859 2994 iCa·

1096 3023 1172 3095 mite
1188 3023 1324 3096 Brixiae
1339 3020 1447 3097 evasit
1464 3022 1587 3118 Spoleti
1610 3025 1707 3111 Dure,
1731 3037 1772 3094 ul
1798 3019 1859 3094 ita·

1098 3126 1182 3199 beot
1207 3125 1368 3198 Annales
1402 3119 1630 3196 Bertiniani.
1663 3124 1772 3196 Alter
1795 3147 1858 3222 po-

241 3247 302 3319 με
333 3221 473 3294 σακία»
504 3223 722 3299 habitantium
756 3228 845 3319 insta
875 3231 1001 3326 pracli·
1033 3220 1066 3289 D
1097 3225 1162 3302 lica
1185 3223 1253 3300 hoc
1276 3223 1403 3299 illustri
1426 3249 1573 3300 munere
1591 3221 1715 3298 auiius
1735 3249 1858 3298 occur·

241 3322 325 3394 ma
346 3324 523 3395 civicam
547 3333 703 3400 Parmae.
728 3331 822 3402 Otto
843 3330 952 3404 etiam
976 3335 1002 3405 1.
1097 3327 1147 3402 rit
1165 3325 1225 3402 lut
1245 3323 1436 3403 Ludotico
1453 3325 1522 3400 Pio
1536 3323 1715 3442 Augusto.
1734 3328 1857 3418 Quum
2004 3363 2010 3371 ·

241 3425 354 3497 Anno
380 3422 510 3498 Christi
543 3430 828 3505 uccchxtt.
864 3433 999 3506 Hubcr·
1098 3429 1194 3502 enirn
1222 3427 1417 3505 Lotlrarius
1449 3427 1526 3527 ejus
1559 3423 1658 3500 filaus
1690 3425 1858 3524 coepiliet

243 3541 284 3597 to
307 3524 481 3598 Parmenfi
504 3528 660 3603 Praesuli
686 3525 874 3622 conccflit,
900 3554 936 3604 ut
955 3531 1002 3620 stt
1099 3531 1168 3630 jam
1195 3553 1407 3628 componere
1436 3528 1646 3602 Italicorum
1671 3525 1783 3618 lites,
1816 3539 1856 3600 ut

244 3622 346 3709 ’ΝΜ
367 3621 507 3716 Miiilss,
534 3625 579 3695 0·
601 3633 717 3701 babeat
739 3629 924 3726 patestatem
946 3639 998 3705 de·
1097 3627 1320 3732 Egintnrdus
1344 3627 1451 3704 habet
1474 3629 1514 3705 io
1541 3627 1714 3702 Annalib.
1750 3631 1857 3702 Fran·

243 3721 404 3794 liberandi
422 3725 492 3796 (tc.
514 3745 674 3824 tamqnam
698 3731 795 3818 nostri
811 3738 920 3805 Comes
937 3742 1001 3808 Pa·
1096 3757 1168 3807 cor.
1210 3730 1253 3806 ad
1292 3735 1440 3806 Annum
1481 3731 1755 3808 Deccxxltt.
1791 3735 1858 3802 Pa

119 3846 121 3850 ’
243 3822 340 3897 latii.
367 3821 466 3897 idem
491 3827 687 3902 concelium
714 3830 836 3906 videas
859 3833 998 3936 Episco
1095 3832 1186 3930 piam
1210 3830 1384 3928 acgreffccs,
1420 3833 1521 3924 manse
1545 3831 1655 3923 Junio
1677 3833 1722 3903 ad
1756 3835 1857 3927 lnrpe·

243 3923 299 4024 pis
319 3921 539 4016 Aliensrbus,
565 3927 824 4022 Laudenlibus,
844 3959 885 4006 ac
902 3933 1003 4009 aliis.
1099 3953 1231 4004 natm
1254 3935 1373 4023 oeait,
1400 3931 1469 4004 ltoc
1493 3933 1540 4004 eli
1565 3931 1605 4005 io
1630 3929 1789 4021 Galliac,
1817 3927 1858 4001 fi·

293 4029 400 4116 Juvat
423 4053 539 4120 nunc,
558 4047 729 4127 quantum
754 4047 902 4129 potero,
921 4059 1001 4107 con·
1099 4057 1143 4106 ve
1161 4031 1201 4108 in
1216 4031 1443 4106 Germaniam
1462 4030 1657 4106 remeavit.
1675 4031 1745 4124 aaa·
1764 4056 1862 4128 qum

243 4143 363 4202 tenete
389 4125 512 4202 scriem
536 4133 696 4202 Comitum
718 4133 846 4204 Palatii
870 4131 909 4207 in
934 4137 1002 4208 ita·
1033 4134 1063 4205 E
1097 4132 1282 4230 imperatori
1313 4134 1355 4204 de
1378 4133 1522 4226 Jajlitia
1561 4133 1597 4204 in
1637 4133 1742 4206 ltalia
1771 4135 1795 4202 i
1823 4130 1861 4219 sc

242 4227 294 4300 lia
313 4227 610 4334 constitutorum
631 4257 743 4331 eoque
767 4233 949 4309 lubentius
968 4235 1004 4309 in
1095 4236 1215 4329 partina
1249 4231 1365 4325 faiis,
1399 4235 1524 4333 panim
1561 4233 1709 4306 incitata
1739 4226 1861 4322 srciffct

190 4368 193 4376 ,
241 4325 280 4400 id
299 4325 528 4422 incumbam,
545 4333 639 4432 quod
664 4332 910 4410 celeberrimus
931 4339 1000 4412 Du·
1097 4335 1273 4426 indiciam,
1295 4331 1402 4428 miliat
1420 4335 1465 4424 eli
1482 4336 1520 4408 in
1538 4334 1673 4408 ltaliam
1689 4329 1860 4404 Adatha.

242 4429 403 4529 Congius
424 4453 573 4508 conatus
594 4435 766 4509 illustrare
788 4433 880 4508 hanc
899 4437 1002 4535 parti·
1094 4438 1156 4506 dus
1183 4441 1291 4508 Comes
1324 4437 1478 4528 Palatii,
1511 4431 1693 4528 iaffuchtc
1724 4427 1788 4516 est,
1823 4443 1864 4496 “l

243 4531 359 4604 culam
380 4531 529 4607 Italicae
548 4533 746 4625 Historiae,
760 4559 831 4607 non
852 4541 1004 4612 multum
1098 4537 1314 4634 Marningum
1338 4539 1476 4610 Brixiae
1498 4535 1657 4608 Cornicen
1683 4528 1788 4621 secant
1812 4525 1865 4616 al·

242 4632 436 4732 progrelius
462 4630 552 4706 fuit.
579 4639 620 4708 In
649 4635 846 4710 Pillorienir
871 4637 1004 4714 Charta
1089 4637 1248 4730 sumeret,
1282 4639 1329 4709 (9⁹
1353 4639 1518 4710 inchoatas
1537 4631 1688 4729 justitias
1718 4623 1868 4742 illim

242 4735 355 4806 Auno
381 4735 601 4810 Dcccxtt.
628 4734 780 4833 scripta,
807 4761 914 4836 quam
944 4765 1003 4836 pu·
1095 4756 1238 4811 mraret.
1271 4739 1448 4837 Equidem
1484 4761 1554 4834 pro
1591 4748 1690 4806 certo
1715 4725 1869 4799 minume

243 4831 332 4906 blici
360 4835 447 4932 juris
472 4833 599 4910 faciam
627 4837 667 4912 in
694 4837 874 4912 Diliertat.
893 4843 1006 4915 Lxx.
1094 4837 1264 4929 statuam,
1288 4841 1524 4915 notatarium
1549 4832 1650 4906 huuc
1666 4823 1788 4902 Italici
1808 4847 1875 4921 pu·

243 4935 284 5004 de
314 4937 405 5007 Clari
437 4939 629 5013 immanitat.
664 4961 882 5014 memomtur
912 4944 1014 5018 aetla·¹
1077 4935 1171 5092 {cius
1194 4965 1301 5040 quam
1330 4936 1495 5016 francici
1527 4930 1665 5008 l'alatii
1683 4923 1876 5002 Comitem

244 5037 346 5110 matio
366 5037 474 5142 louge
499 5058 603 5118 antea
626 5061 764 5144 tenpore
783 5047 905 5118 Damni
928 5045 1006 5144 Pip·
1095 5039 1218 5118 tutte.
1245 5042 1407 5121 stimant
1432 5057 1562 5144 tamen
1584 5030 1679 5110 mihi
1704 5047 1883 5204 ptepqistppm
