4602 6136
317 491 372 554 a!
429 411 433 418 ’
609 443 1173 546 nrsssurarro
1224 447 1516 543 aurun.-

255 581 338 654 uuibi
361 579 487 651 reddere
519 574 686 650 alueris.
724 567 826 656 Etsi
850 595 911 644 vus
941 569 1022 642 milei
1044 569 1250 642 Aruernorum
1277 571 1519 663 Ultremeriue,
1555 583 1623 645 ism
1648 566 1684 642 iu
1709 568 1781 670 ipsa
1804 577 1871 648 nes

257 682 324 780 ipso
349 679 562 772 Monallerio,
582 677 667 765 strue
685 673 787 770 supra
809 673 951 773 legitur,
978 672 1022 742 θ

260 783 326 880 ipse
359 783 478 857 cunule
511 809 572 854 neu
607 773 833 866 reddederiris,
867 794 905 845 ut
929 775 1021 846 vebis

259 911 314 982 rgo
340 883 400 982 ipsi
418 883 628 980 sepriuieerres
660 879 784 949 Soiidos
807 879 934 949 reddere
960 901 1020 947 nen

153 986 157 996 ’
258 987 397 1061 diveas.
425 983 587 1058 Similiter
610 981 655 1052 <9
670 979 707 1065 Ji
728 979 909 1077 quicumque
934 983 1022 1052 bomo

188 1105 203 1118 ‘
257 1087 411 1161 urbisin
438 1083 503 1179 ipso
528 1083 720 1170 Muuaslerio
744 1081 789 1151 θ
813 1081 926 1173 reses,
965 1081 1021 1150 vel

257 1191 350 1264 rehu
384 1187 430 1258 θ’
453 1185 631 1258 bominibus
664 1183 698 1256 irs
724 1183 873 1279 qualivet
901 1183 1019 1280 persio·

1104 668 1196 752 clefiu
1220 672 1334 744 Seruili
1367 673 1544 764 Drimati,
1578 697 1733 772 quumque
1763 675 1808 748 θ’
1832 676 1870 750 iu

1104 769 1209 860 culis,
1245 771 1302 843 ubi
1318 773 1388 866 e'pfi
1412 773 1601 867 Recbifredi
1627 776 1770 850 Clericus
1792 777 1870 852 uui·

1104 873 1195 946 ravis
1214 875 1283 947 &c
1308 872 1436 949 Eidem
1455 883 1539 952 vero
1558 877 1766 954 facultatem
1784 905 1870 955 con·

1106 973 1202 1048 cedit
1236 974 1409 1076 regendi,
1445 978 1663 1076 gubernandi
1697 1007 1739 1056 ac
1772 982 1871 1059 ordi·

1105 1073 1222 1148 nandi·
1239 1073 1429 1150 secundhm
1466 1082 1582 1152 Deum
1607 1081 1798 1158 Ecclesiam
1824 1083 1872 1159 il·

1104 1176 1201 1266 lam,
1228 1177 1486 1252 &suerrum
1503 1181 1621 1254 ibidem
1645 1186 1768 1256 avendi
1775 1239 1788 1276 ,
1811 1185 1872 1278 Os·

258 1318 331 1364 uem
356 1286 488 1359 introire
506 1286 644 1383 perunit
668 1283 839 1382 (excepto,
865 1305 903 1357 ur
921 1283 1022 1382 supra
1095 1277 1213 1372 ficium
1246 1271 1363 1354 ibidem
1392 1281 1600 1374 jaciendum,
1635 1283 1682 1355 U*
1712 1292 1873 1383 Pauperis

257 1390 332 1466 diei
355 1390 402 1462 du
420 1389 574 1486 publice)
601 1388 645 1458 (θ’
668 1413 727 1459 vos
744 1386 826 1458 mibi
850 1387 957 1460 omuiu
975 1413 1020 1458 re·
1099 1381 1319 1478 poserem,
1346 1380 1519 1475 facundiam
1551 1385 1690 1482 qualiter
1711 1407 1770 1484 pro
1805 1385 1872 1484 ipsu

258 1491 438 1576 dederitis,
466 1487 551 1573 steret
568 1487 669 1586 supra
692 1487 786 1579 disci,
822 1508 861 1560 ur
884 1515 941 1586 ego
962 1493 1074 1566 reo-B
1103 1487 1175 1555 deu
1213 1485 1413 1572 constiturum
1447 1486 1490 1576 est
1529 1489 1597 1560 &o
1637 1491 1723 1582 Quo
1759 1487 1871 1562 etiam
1983 1579 1987 1588 ,

1104 1587 1271 1704 exemplo
1296 1583 1490 1677 discimus,
1519 1589 1660 1664 nullum
1686 1587 1760 1664 iere
1784 1593 1871 1664 Mo·

258 1593 311 1668 bis
340 1592 465 1662 reddere
496 1590 613 1662 diveas
638 1589 849 1687 sepriuieesus
882 1589 1022 1665 Solidos

260 1690 459 1772 Lucani&
487 1689 630 1766 Pisani.
666 1698 755 1766 Nam
779 1693 941 1790 depasce
962 1714 1020 1790 pu·

256 1793 341 1868 blica
372 1795 415 1866 ab
448 1793 535 1864 omui
567 1793 725 1866 calomnia
759 1793 806 1864 Ο·
837 1792 1021 1892 composicio·

1104 1687 1290 1761 hasterium
1313 1685 1543 1762 constitutum
1560 1690 1656 1764 olim
1678 1689 1802 1783 fuine,
1827 1689 1870 1768 in

1103 1814 1177 1886 quo
1201 1786 1262 1862 sua
1288 1788 1504 1890 Pauperibus
1529 1792 1651 1889 portio
1671 1791 1767 1868 dotis
1794 1817 1869 1868 non

256 1919 327 1967 rem
360 1893 519 1984 absolutes
533 1891 600 2013 'effe
632 1895 775 1988 diveas,
809 1895 888 1994 quia
911 1896 1025 1970 reliser
1103 1887 1353 1990 affignarerur.
1385 1893 1440 1966 At
1464 1891 1548 1991 quei
1574 1891 1614 1967 in
1643 1896 1741 1968 Urbe
1766 1898 1868 1970 Luca

256 1994 341 2068 inter
366 2021 422 2068 uros
446 2017 615 2070 converet.

1102 2009 1188 2066 tunc
1204 1993 1394 2065 Adelrrude
1410 1992 1494 2086 filie
1511 1995 1715 2068 Adelwuldi
1733 1997 1868 2094 Aegle-

307 2102 359 2170 Er
385 2097 467 2170 banc
499 2123 567 2168 mee
583 2103 588 2112 '
598 2097 755 2193 premiffio
788 2121 845 2197 ego
878 2096 1023 2202 Magni.
1095 2093 1251 2186 senonum
1275 2095 1408 2192 Regis?
1429 2093 1520 2170 Fuit·
1540 2113 1659 2170 autem
1679 2096 1869 2172 Adelwal·

259 2197 370 2300 pransi
397 2197 558 2272 Clericus
579 2197 693 2298 scripsi
705 2253 716 2278 .

306 2299 435 2372 Arium
460 2303 572 2373 Luci.

306 2401 444 2498 Signum
469 2427 583 2476 merus
607 2402 741 2503 Angcli
768 2405 836 2478 &c

1101 2193 1186 2285 dus,
1205 2194 1268 2293 qui
1288 2197 1323 2268 &
1343 2195 1604 2288 Athelbaldus,
1632 2196 1868 2292 Edilbaidus,

1100 2298 1134 2371 δι
1148 2294 1401 2390 Etheihaldus‚
1416 2300 1565 2374 Saeculo
1578 2296 1709 2374 Christi
1724 2298 1868 2376 Oiiaro

1043 2427 1077 2502 C
1102 2402 1179 2474 Rex
1192 2399 1436 2491 Merciorum,
1455 2398 1525 2476 live
1539 2405 1718 2476 Saxonum
1737 2400 1868 2478 Orien·

308 2507 381 2600 Ego
397 2503 679 2604 Magniprandus
693 2503 858 2582 Clericus
873 2503 942 2606 post
954 2525 1019 2582 rra-
1099 2501 1229 2576 talium
1255 2499 1294 2576 in
1314 2501 1523 2592 Britannia,
1550 2502 1719 2602 Princeps
1741 2521 1869 2603 poten·

256 2605 331 2680 dire
355 2605 510 2702 compleri
534 2607 579 2678 Θ·
601 2608 703 2680 dedi.

311 2705 421 2782 Vides
446 2705 552 2798 heic,
583 2725 714 2806 quanta
741 2710 795 2783 ele
819 2707 917 2784 antia
943 2714 1021 2786 Sae-

257 2809 340 2884 culo
366 2811 483 2884 Acrae
507 2808 727 2884 Christianae
752 2735 896 2886 Ohavo
919 2811 1020 2888 Lati·

1100 2601 1280 2696 tifftmus,
1328 2602 1392 2702 qui
1433 2602 1563 2679 multis
1602 2602 1708 2678 vitiis
1750 2605 1867 2679 multa

1100 2705 1210 2778 etiam
1246 2703 1393 2804 pictatis
1417 2705 1496 2782 aiis
1530 2705 1748 2806 conjunxit.
1781 2709 1868 2780 Sau-

1099 2804 1150 2880 iii
1177 2805 1349 2882 Guthlaci
1375 2805 1502 2883 Vitam
1535 2808 1639 2884 Felix
1665 2806 1869 2882 Monachus

259 2934 326 2984 nae
361 2909 503 3014 Lingue
536 2909 628 2984 foret
662 2910 701 2986 in
736 2911 894 2987 Tuscia.
930 2917 1023 2991 Ecce
1100 2907 1220 2982 &usti
1247 2907 1362 2982 Bedsst
1380 2909 1650 3008 tongttgssloni
1670 2907 1881 3006 adscriptus.

258 3010 305 3082 de
327 3028 420 3104 parre
435 3009 586 3104 publice,
613 3011 751 3110 aliaque
777 3012 924 3113 vestigia
945 3020 1017 3091 vul·

258 3108 354 3211 garis
380 3110 456 3208 ejus
482 3109 697 3203 idiomatis,
733 3139 807 3212 quo
830 3140 927 3189 nunc
951 3118 1018 3193 uti·

257 3237 363 3288 mur.
400 3209 494 3286 Heic
522 3229 639 3288 autem
675 3233 893 3291 memoretur
926 3243 1018 3318 prae·

1101 3007 1238 3082 dicavit
1272 3008 1489 3081 Athelweldo
1527 3009 1617 3106 Regi
1652 3009 1868 3082 orienretiem

1099 3109 1310 3207 Aeglerum.
1343 3111 1452 3185 Hun'c
1486 3107 1642 3185 eximiae
1667 3107 1868 3185 saniiitatis

1100 3210 1219 3286 uirum
1254 3208 1440 3285 viventem
1478 3210 1741 3302 Adelwaldus,
1776 3236 1867 3286 non.

257 3309 383 3388 cedens
419 3311 580 3404 Charta,
620 3312 663 3389 ad
698 3315 858 3392 eamdem
898 3320 1017 3396 vendi.
1044 3323 1079 3394 D
1100 3312 1187 3386 dum
1223 3315 1329 3404 Rex,
1371 3310 1629 3388 consolatorem
1668 3313 1866 3406 habuerat,

255 3413 394 3488 tionem
420 3415 635 3491 Monallerii·
654 3443 698 3492 ac
722 3421 911 3494 Servorum
936 3426 1016 3497 San·

254 3515 307 3590 iii
335 3514 537 3607 Baiouarii,
564 3514 635 3591 five
659 3518 993 3620 oppignorationem
1006 3549 1019 3625 3

253 3634 342 3690 tunc
381 3616 478 3692 eninr
523 3616 695 3716 ejusmodi
736 3622 939 3698 contraiius
982 3625 1019 3698 in

255 3716 346 3809 usu,
383 3720 419 3793 ic
455 3717 656 3817 frequentes
689 3740 816 3797 erant.
855 3725 948 3824 Legi
984 3727 1018 3800 δι

254 3816 349 3892 hanc
374 3821 521 3894 alteram
555 3820 756 3916 Chartam,
790 3822 852 3900 ubi
877 3823 1017 3902 eaedem

253 3937 365 3993 norae
388 3919 676 4025 Chronologicac
708 3923 862 4000 anniae
895 3927 1019 4004 menhs

252 4018 326 4094 sese
350 4021 568 4098 offerebant.
593 4029 762 4102 Itavero
787 4023 824 4100 se
847 4026 1017 4103 hahebat.

251 4121 450 4210 Manifestus
468 4124 542 4215 sum
565 4152 622 4222 ego
645 4129 894 4225 hiagrripreudo
916 4131 1018 4204 Cleri·

1100 3440 1213 3513 eoque
1230 3412 1400 3488 defuniio
1415 3414 1672 3492 Mooasteriunr
1689 3414 1731 3488 de
1749 3419 1867 3512 Croy·

1100 3515 1183 3592 land
1209 3514 1253 3589 ad
1279 3515 1355 3616 ejus
1379 3514 1576 3608 sepulcrum
1601 3514 1793 3607 fundavit,
1823 3535 1868 3592 ut

1101 3616 1226 3692 auiior
1249 3614 1298 3690 cst
1322 3616 1518 3718 Ingulphus
1542 3616 1580 3692 in
1607 3616 1765 3692 Historia
1790 3617 1867 3718 eju.

1101 3716 1196 3793 sdem
1221 3717 1455 3810 Monallerii,
1478 3717 1541 3793 ubi
1563 3720 1599 3792 ic
1626 3716 1865 3819 Pririlegium

1101 3819 1299 3895 conccffum
1332 3819 1379 3894 ab
1403 3818 1481 3916 ipso
1505 3819 1677 3896 exhibet.
1712 3819 1868 3921 Legitur

1100 3920 1213 3996 adhuc
1238 3922 1314 4022 ejus
1347 3919 1503 4020 Epistola
1528 3922 1572 3996 ad
1598 3921 1765 3996 Saniium
1795 3925 1867 3996 Bo·

1101 4021 1273 4097 nifacium
1313 4022 1632 4123 Aschiepiscopum
1675 4024 1868 4124 Mogunti-

1101 4149 1213 4214 num,
1255 4149 1348 4223 quae
1389 4123 1486 4199 inter
1527 4123 1778 4200 Bonifaeianas
1818 4123 1869 4199 ese

251 4249 306 4298 cus
321 4222 403 4316 filio
425 4237 585 4320 quondum
609 4229 817 4326 Magnipersi
827 4285 841 4321 ,
864 4232 944 4329 qruie
964 4240 1071 4330 perE
1101 4227 1271 4301 Lxxvl.
1303 4227 1342 4298 δι
1375 4223 1527 4300 refertur
1557 4225 1669 4300 etiam
1704 4228 1724 4298 i
1759 4227 1867 4324 Guilff

250 4325 446 4400 chemlam
478 4325 686 4418 confirmauit
716 4330 753 4402 iu
778 4357 830 4402 rue
860 4335 1018 4430 quendem

252 4426 451 4515 Ruehifredo
472 4429 616 4501 Clericus
630 4427 695 4521 fiii
718 4433 877 4526 quendem
899 4434 1016 4505 Fridu·

251 4525 285 4598 ii
309 4527 504 4612 Mmeslerio
535 4529 678 4616 Ecclesia
700 4530 819 4604 canule·
841 4534 995 4606 Delmusi
1006 4590 1017 4626 ,

249 4625 313 4725 qui
343 4629 369 4697 d
399 4630 478 4700 boue
513 4631 659 4704 memrie
698 4632 838 4706 Friduio
870 4635 1018 4708 Genitore
1050 4691 1053 4696 .

245 4727 306 4825 jus
325 4727 507 4820 suudmunu
528 4729 572 4814 ιβ
594 4733 781 4826 inserebare
804 4741 938 4810 Lucus
959 4737 1015 4810 Ci-

251 4831 381 4921 virare,
408 4830 467 4904 uhi
489 4857 683 4906 eummere
703 4836 772 4922 visi
787 4836 925 4928 suenrus
947 4840 1015 4912 Oe.

252 4929 394 5008 Deinde
427 4929 572 5008 subdit:
610 4936 805 5022 Constituere
827 4940 874 5012 Ο·
906 4938 1015 5032 coufir-

253 5057 340 5104 uuere
357 5033 472 5106 videor
486 5055 520 5105 re
540 5036 732 5108 Adeirrudu
749 5045 841 5112 Serra
855 5040 925 5114 Dei
938 5047 1013 5114 Aru·

253 5129 332 5207 eills
347 5132 427 5228 filiu
445 5136 670 5230 aestuarii,
697 5138 754 5236 qui
768 5138 842 5230 suis
864 5149 938 5218 Reae
953 5148 1013 5219 Su·

1101 4326 1229 4400 licimo
1243 4325 1561 4402 Malmesburicnle
1585 4327 1707 4404 Lih.1
1730 4327 1865 4403 Histoe.

1102 4429 1210 4502 Illum
1236 4426 1319 4503 sune
1350 4447 1555 4529 peccantem
1582 4429 1679 4505 idem
1718 4429 1866 4503 Sunilus

1100 4526 1401 4631 Archiepiscopus
1432 4533 1546 4607 Anno
1577 4535 1864 4610 Decumum

1100 4630 1143 4704 ad
1169 4628 1355 4707 meliorem
1379 4631 1517 4736 frugem
1536 4633 1739 4718 reduceret,
1766 4625 1867 4703 nihil

1099 4730 1248 4826 omilit,
1280 4733 1338 4810 uti
1363 4733 1412 4810 eli
1433 4737 1526 4837 apud
1561 4730 1778 4819 heronium,
1805 4755 1863 4805 ce·

1100 4834 1235 4909 lehratai
1257 4833 1302 4911 ad
1334 4835 1404 4912 hoc
1429 4837 1616 4938 praecipue
1648 4828 1791 4924 Synodo
1819 4830 1862 4908 in

1098 4936 1313 5014 Germania.
1355 4939 1534 5030 Iohannes
1574 4937 1772 5032 Brompton
1819 4932 1861 5008 in

1098 5036 1234 5116 Chron.
1277 5045 1366 5144 Reg.
1409 5037 1578 5114 Mercior.
1619 5033 1719 5110 uaria
1758 5033 1861 5110 illius

1097 5139 1331 5318 aiiaBrefcrt.
1357 5140 1491 5216 vrrum
1515 5143 1629 5214 Anno
1653 5139 1861 5310 DCCfiLVi.

1251 5263 1276 5320 ί
1765 5262 1811 5312 ve
