4560 6146
513 451 598 534 'iii
839 433 1227 559 ANTIQUJT.
1266 437 1490 528 MEDII
1526 440 1692 532 ARV!
1923 447 2006 533 ιη’

452 559 588 649 letarii,
615 573 657 635 ut
681 559 835 662 reliquas
871 559 1021 635 minoris
1057 583 1213 634 momen·
1240 559 1333 633 Al.
1361 585 1439 661 pig.
1468 561 1554 658 564
1580 561 1624 638 de
1650 559 1843 664 Aniiquii:
1862 563 1943 638 int.
1970 546 2063 635 illud

452 661 683 738 tisesliones
721 683 961 766 praeteream,
997 685 1038 736 ac
1080 659 1212 761 potilli·
1303 661 1442 736 edidit.
1472 667 1536 737 Sed
1565 665 1676 756 sunt,
1701 669 1763 760 qui
1792 665 1974 763 antiquius
2001 687 2064 764 pii·

451 789 551 840 inum
570 763 680 840 sosias
698 785 857 866 tempore
880 769 1208 852 Nortmannorum,
1301 779 1399 839 tant.
1427 767 1468 837 ln
1495 762 1564 839 lioc
1590 782 1708 840 autem
1750 785 2009 881 commentum·
2029 787 2067 840 e·

451 863 1214 1070 3221llilalsezlliifillsllllssfi'lll,
1301 891 1391 1042 llll
1415 866 2065 1069 lllilliillslislsstilizi

453 1095 647 1170 numquam
673 1071 827 1171 amplius
854 1068 1046 1142 convulsa.
1299 1072 1459 1144 berettus
1484 1072 1684 1162 Monachus
1699 1069 1970 1154 benediilinus.
1987 1071 2065 1170 Ego

503 1175 629 1270 Atque
654 1170 739 1246 liaec
766 1169 808 1246 sit
828 1170 944 1246 brevis
967 1169 1087 1270 imago
1114 1170 1205 1245 ltali-
1298 1197 1440 1270 quoque
1469 1170 1561 1246 insra
1589 1173 1628 1248 in
1666 1174 1809 1249 Dillert.
1845 1173 1999 1244 xxvn.
2025 1172 2066 1244 de

451 1272 486 1349 ci
511 1275 603 1349 olim
632 1273 773 1376 Regni,
798 1271 895 1372 quod
922 1271 1040 1374 primo
1071 1271 1214 1372 quidem
1299 1277 1458 1363 Monere,
1484 1274 1545 1348 ubi
1572 1274 1615 1348 de
1644 1274 1815 1351 Numinis
1835 1269 2066 1348 Bononiensi·

451 1403 514 1480 per
539 1374 655 1452 clades
681 1401 721 1451 ae
756 1374 919 1450 incendia
955 1376 975 1447 l
1015 1374 1210 1476 Langobar·
1296 1371 1360 1447 bus
1387 1373 1500 1449 sermo
1524 1374 1616 1468 erit,
1642 1376 1852 1477 impollutae
1867 1371 1951 1451 huic
1967 1373 2063 1449 diem

451 1479 649 1580 dis,longe
674 1479 814 1578 lateque
838 1475 913 1552 suas
941 1475 1110 1550 visiosias
1137 1503 1209 1575 pro·
1240 1497 1270 1568 Β
1295 1473 1444 1567 dicam,
1472 1475 1615 1573 prodito
1642 1479 1896 1556 remissiore
1923 1475 2062 1600 Oppidi

451 1579 668 1674 serentibus,
692 1578 922 1654 conllitutum
949 1575 1022 1678 est;
1049 1595 1126 1652 tuin
1154 1604 1211 1652 ve·
1297 1576 1557 1654 Petraesanilae
1569 1583 1783 1680 ..ignorabat
1802 1579 1871 1656 lioc
1891 1585 2060 1676 Annius,

451 1709 493 1759 ro
528 1681 847 1801 mansuescentibus
882 1677 928 1755 iis
957 1678 1128 1798 Populis,
1153 1707 1209 1754 eo·
1293 1675 1350 1797 seu
1376 1676 1536 1779 quisquis
1555 1679 1620 1755 ille
1634 1679 1705 1757 suit
1719 1681 1830 1801 spurii
1845 1707 2059 1760 monumen·

451 1783 811 1976 {lissilfsll‘iz
837 1779 1212 1986 falsissimis:
1291 1779 2060 1975 {iilxsniaidffssililffis'nlss

451 1990 488 2064 tl
506 2017 544 2065 re
563 1987 725 2090 publici,
748 1983 966 2088 reflorescere
985 1987 1115 2061 iterum
1134 2011 1211 2060 coe·
1294 2002 1329 2056 ta
1355 1981 1553 2058 confinxit.
1581 1989 1635 2058 At
1656 1983 1785 2062 sabulis
1811 1986 1907 2064 liiscc
1932 1987 2057 2065 dimis-

452 2090 533 2192 pit.
559 2094 682 2186 Atque
707 2087 787 2161 heic
813 2113 866 2160 res
886 2084 1063 2187 posceret,
1091 2103 1131 2161 iit
1157 2085 1210 2161 in·
1292 2081 1356 2176 fis,
1382 2083 1524 2159 aliunde
1545 2085 1614 2184 jam
1643 2087 1798 2179 nonllat,
1825 2115 1897 2165 non
1924 2117 2055 2190 paucos

450 2208 506 2266 ter
532 2189 602 2264 alia
629 2206 860 2264 monumenta
894 2186 984 2262 illud
1012 2189 1049 2261 in
1087 2187 1213 2284 peinais
1289 2213 1333 2260 ex
1362 2186 1516 2287 Regibus
1557 2212 1597 2261 ac
1639 2189 1864 2272 Principibus
1899 2191 2056 2296 ejusdem

451 2317 713 2384 memorarem,
739 2289 834 2390 quod
861 2289 1003 2365 Eruditi
1030 2315 1101 2364 non
1129 2316 1208 2389 pau·
1292 2288 1462 2364 Nationis
1487 2286 1666 2387 reliquille
1693 2291 1842 2366 illullria
1869 2293 1947 2369 suae
1973 2321 2056 2370 mii-

448 2391 887 2574 {iilllslllsszilll‘
904 2391 1210 2586 lslllfalt
1231 2388 1473 2592 mliii*
1487 2390 1797 2592 ,Zilisi’nll‘
1812 2394 1947 2572 ,lll‘
1962 2415 2055 2574 R}

882 2550 895 2587 ἱ
1197 2541 1207 2558 ⁸
1449 2548 1462 2585 ἱ

448 2618 573 2690 tetus,
596 2597 759 2673 liomiiies
774 2594 936 2696 alioquin
959 2614 1124 2671 emuntae
1151 2623 1206 2672 na·
1288 2585 1413 2696 porum
1441 2596 1537 2670 rudis
1569 2623 1610 2670 ac
1637 2595 1788 2698 deprelsa
1815 2599 2001 2676 conditio.

447 2703 519 2788 ris,
536 2699 743 2789 laudarunt,
762 2700 798 2772 &
817 2717 985 2798 tanquam
1005 2696 1209 2798 legitimum
1338 2699 1508 2771 Ceterum
1532 2701 1777 2795 Laugobmdiae
1795 2700 2053 2779 nomineolina

448 2801 585 2878 foetum
622 2803 661 2877 iii
696 2799 767 2876 suis
801 2801 1021 2876 celebravere
1068 2798 1208 2875 Libris.
1286 2795 1396 2873 etiam
1413 2797 1579 2872 Italicum
1598 2806 1758 2900 Regnum
1775 2803 1942 2902 appellari
1968 2831 2054 2880 coc·

449 2907 532 2982 Hoc
558 2902 605 2980 ell
631 2902 784 2978 Ediiium
810 2901 971 2988 Deliderii
996 2902 1101 3000 Regis
1118 2909 1205 2975 Lan·
1290 2917 1388 3002 ptum
1409 2899 1479 2976 ell.
1507 2901 1751 2978 Continuator
1775 2906 1883 2980 Fiede
1908 2905 1975 2980 arii
1995 2905 2056 2980 in·

442 3009 653 3106 gobaidorum
678 3002 720 3080 ad
747 3003 996 3080 Grimoaldum
1024 3003 1205 3079 Comitem
1288 3020 1342 3076 ter
1366 3006 1483 3102 Opera
1508 3005 1675 3106 Gregorii
1704 2932 1944 3099 Turonenss,
1972 3031 2053 3110 pag.

448 3111 632 3197 Viterbii,
667 3106 728 3183 ubi
754 3107 785 3181 is
813 3126 996 3181 enumerat
1020 3110 1202 3206 quamplu·
1287 3107 1373 3201 689.
1401 3103 1444 3178 ad
1474 3108 1620 3180 Annum
1661 3111 1866 3184 DCCLlV.
1903 3128 2050 3202 narrat,

447 3235 500 3285 res
526 3208 678 3284 Tusciae
714 3205 1000 3308 Langobardicae
1030 3209 1143 3282 Urbes
1167 3235 1204 3282 ai
1286 3207 1481 3280 exercitum
1512 3213 1725 3282 Francorum
1764 3211 1980 3286 contendisse
2005 3213 2052 3286 ad

444 3309 609 3411 Oppida,
636 3311 655 3384 d
679 3307 713 3382 se
739 3326 801 3382 aut
827 3305 1010 3381 teslaurata
1026 3361 1038 3398 ,
1056 3326 1118 3381 aiit
1134 3335 1200 3382 am·
1231 3317 1391 3404 D'partes
1409 3309 1651 3403 Langobardiae
1667 3331 1725 3403 per
1742 3315 1957 3408 Lugdunum.
1979 3317 2053 3388 Ca.

445 3411 631 3516 plisicata,
658 3429 719 3486 aut
745 3411 765 3484 i
800 3407 1039 3484 lundomentis
1065 3409 1203 3500 etesia,
1269 3409 1380 3481 ‘solus
1405 3411 1726 3508 quoqueMagnus
1752 3411 1790 3485 in
1818 3413 2052 3490 Testamenta

443 3513 559 3614 praeci
587 3514 661 3590 iens
686 3509 848 3602 insuper,
873 3529 912 3584 ut
936 3511 1007 3585 alia
1044 3507 1200 3586 relician·
1285 3508 1385 3609 supia
1414 3510 1558 3582 laudato
1583 3509 1747 3585 nominat
1780 3516 1939 3602 ltaliam,
1966 3543 2050 3612 quise

443 3633 525 3711 tur,
552 3543 654 3717 sique
680 3616 727 3690 ob
754 3633 811 3688 tot
837 3611 986 3713 insignia
1019 3636 1141 3730 opera·
1161 3631 1201 3686 ao
1285 3611 1329 3680 (9
1353 3611 1581 3707 Langobardia
1605 3609 1742 3686 dieitur.
1780 3614 1875 3686 Idem
1906 3619 1981 3688 Rex
2010 3617 2052 3692 iii

443 3722 581 3793 saelum
608 3717 797 3791 attollens.
825 3715 911 3813 Ejus
936 3711 1122 3788 exordium
1151 3732 1193 3787 ta·
1285 3737 1355 3786 uno
1381 3738 1425 3788 ex
1453 3709 1523 3786 suis
1547 3711 1816 3812 capitularibus
1853 3715 1942 3807 apud
1984 3718 2055 3790 Ba.

443 3821 478 3894 le
497 3818 567 3894 eli.
591 3827 789 3892 Revocemus
805 3815 1207 3914 fiatutsRegisofislulfi
1283 3812 1419 3888 lunium
1446 3817 1556 3888 Tom.
1584 3817 1612 3888 Ι.
1649 3841 1726 3915 pag.
1751 3841 1839 3911 430.
1867 3816 1953 3890 baec
1990 3817 2055 3892 lia.

442 3942 549 3996 contris
584 3919 752 3994 Vetulonis
786 3919 875 3990 edita
910 3919 980 3991 &n
1017 3917 1203 3993 Famosum
1285 3917 1363 3990 bet:
1392 3915 1554 3988 Similiter
1587 3917 1762 3989 direximus
1788 3915 1900 4010 Miffui
1929 3918 1963 3990 iii
1992 3925 2052 3993 A.

441 4021 509 4099 boc
526 4037 794 4098 monumentum
809 4017 1203 4120 marmoreinscriptum
1282 4018 1489 4114 quioniam,
1517 4019 1563 4090 Ο·
1587 4018 1622 4092 iii
1649 4021 1930 4116 Langobardiam.
1968 4024 2052 4096 Hoc

440 4123 601 4199 Viterbii
629 4121 742 4198 adhuc
768 4119 918 4213 visitur,
944 4120 1059 4196 immo
1084 4123 1197 4196 &no
1284 4118 1436 4194 idem&
1464 4119 1552 4194 alii.
1582 4123 1635 4194 lta
1652 4122 1832 4194 *oduarium
1858 4123 2055 4221 &Hungu-

438 4223 515 4302 llris
542 4225 760 4325 temporibus
779 4241 995 4322 patronum,
1021 4221 1200 4324 siSupcris
1223 4220 1388 4324 grisiis,
1411 4220 1480 4296 lioc
1505 4217 1552 4296 ell
1579 4226 1762 4308 Avarum,
1787 4222 1856 4298 fiac
1883 4226 2057 4324 Hungro·

438 4329 577 4430 placet,
597 4325 739 4401 invenit
766 4324 896 4400 Virum
922 4324 1109 4424 quemdam
1138 4325 1194 4400 bo
1284 4349 1361 4396 rum
1389 4322 1540 4422 patriam
1564 4324 1782 4399 Pannoniam
1803 4327 2052 4423 appellarunt,

437 4455 544 4507 num.
568 4429 702 4503 Verliin
730 4452 836 4500 nemo
861 4424 1015 4526 amplius
1040 4452 1084 4502 ex
1111 4431 1190 4502 Eiu
1284 4426 1319 4497 δι
1346 4427 1572 4522 Burgundinm
1590 4425 1882 4526 Burgundionum
1904 4427 1941 4500 in
1963 4428 2055 4501 Gal·
2113 4515 2115 4520 A

436 4531 525 4608 ditis
551 4555 607 4604 me
626 4526 805 4604 monitore
824 4525 984 4630 indiget,
1004 4547 1045 4602 ut
1063 4525 1195 4618 discat,
1261 4613 1262 4618 Ἰ
1286 4526 1336 4600 lia
1362 4525 1502 4602 sedem.
1529 4529 1713 4602 Ditmarus
1740 4553 1825 4602 vero
1845 4548 1963 4626 aperte
1988 4527 2052 4603 sub

434 4633 604 4711 Ediituin
619 4628 791 4733 ejusmodi
816 4629 918 4730 plane
931 4626 1099 4705 insulsum
1124 4629 1196 4732 jain
1285 4630 1530 4726 Langobardiee
1544 4629 1782 4728 appellatione
1797 4632 1943 4724 Tusciam
1961 4657 2055 4728 quo·

434 4722 536 4813 suilse
561 4730 787 4811 amandatum
804 4730 898 4806 inter
923 4729 1130 4828 imposturas
1145 4759 1195 4805 re·
1284 4755 1354 4829 que
1379 4728 1657 4830 complcsliiur,
1678 4731 1721 4805 ad
1736 4735 1883 4806 Annum
1902 4735 2055 4809 mxiv.

435 4839 635 4914 tentioruni
662 4835 916 4911 saeculorum.
959 4831 1048 4908 Veri
1083 4829 1196 4908 simile
1286 4831 1369 4908 Lib.
1397 4855 1433 4930 7.
1459 4831 1606 4907 Cronic.
1634 4830 1811 4910 scribens:
1848 4839 1886 4906 lu
1920 4841 2054 4931 Lango-

434 4936 526 5010 olim
546 4937 637 5013 mihi
665 4934 874 5026 videbatur,
895 4931 1121 5009 tribuendam
1149 4933 1191 5008 il·
1286 4933 1401 5006 barilia
1425 4935 1578 5008 Saraceni
1596 4935 1730 5032 navigio
1757 4935 1945 5026 venientes,
1982 4943 2054 5008 Lu·

434 5037 507 5114 lius
532 5038 707 5138 originem
735 5035 869 5112 samolo
895 5033 1041 5110 falsario
1080 5035 1197 5111 Fratri
1266 5043 1360 5214 lm
1384 5036 1589 5126 Civitatem,
1609 5037 1727 5132 fugato
1752 5035 1931 5132 Episcopo.
1952 5036 2054 5112 inue-

433 5136 561 5222 Annio
587 5137 825 5235 viterbiensi,
854 5137 917 5242 qui
931 5137 1072 5241 primus
1086 5141 1195 5216 Toni.
1286 5139 1367 5216 duris
1380 5188 1390 5213 .
1404 5137 1529 5238 Atque
1545 5137 1598 5214 ita
1617 5136 1763 5236 quidem
1780 5135 2054 5316 missii&

1953 5266 1972 5316 e
