4628 6148
336 426 420 528 289
653 412 1554 534 ANTIQUJT.MEDJJAEV1
1628 525 1631 531 1
1769 447 1855 534 290

335 534 551 636 Progredior
575 554 671 612 nuuc
698 535 741 610 ad
771 542 875 610 Duces
910 533 1114 632 MajcrestA
1148 535 1233 626 bus,
1260 537 1296 608 ἃ
1322 528 1403 636 ipsas
1430 541 1566 638 Regum
1594 533 1784 612 affinibus:
1823 549 1912 632 quas

283 637 409 713 Italici
451 637 600 738 Regni,
640 663 794 737 quorum
835 635 983 738 potestas
1017 663 1058 711 ac
1146 634 1723 724 consuetudo,Francisetiamin
1739 634 1914 711 [taliarc-

283 741 444 842 regimen
461 740 507 814 in
531 741 706 840 integram
728 739 884 834 aliquam
909 739 1056 814 Provin·
1146 737 1358 840 gnantibus,
1385 735 1533 815 subinde
1558 738 1747 814 obtinuit.
1784 739 1913 836 Agno-

178 874 180 878 ’
286 845 381 918 ciam
398 841 776 942 protendebatur.Sub
792 841 947 942 Regibus
963 845 1056 917 Lan·
1148 841 1289 916 scebant
1320 845 1436 914 Duces
1471 839 1528 915 illi
1564 839 1764 941 supremum
1800 835 1911 938 Regis

285 943 450 1046 gobardis
476 944 506 1020 ii
544 960 684 1018 tantum
722 939 793 1018 duo
827 943 928 1018 nisse
965 943 1055 1016 milri
1148 943 1202 1041 jus
1237 969 1279 1016 ac
1305 940 1611 1034 dominationem,
1646 939 1788 1041 ejusque
1824 935 1912 1013 Vas·

285 1046 506 1137 creduntur,
532 1043 670 1119 scilicet
696 1047 847 1142 Spoleti,
888 1071 927 1120 ac
955 1051 1053 1118 Bene·
1148 1042 1249 1136 salli,
1286 1063 1326 1118 ut
1354 1069 1446 1118 nunc
1474 1043 1654 1135 dicimus,
1690 1059 1790 1118 erant
1801 1062 1814 1140 3
1852 1039 1909 1114 secl

284 1149 399 1240 vensi,
426 1173 579 1246 quorum
607 1145 786 1220 institutio
806 1144 984 1220 reserenda
1010 1145 1056 1220 est
1145 1146 1180 1216 δι
1207 1143 1270 1238 ipsu
1298 1143 1512 1244 amplilsrmo
1547 1147 1621 1244 jure
1657 1141 1730 1218 suis
1764 1141 1911 1240 Populis

284 1251 335 1325 ad·
357 1247 430 1350 ipsa
458 1247 650 1348 primordia
676 1247 789 1348 Regni
810 1249 1051 1350 Langobardi·
1144 1245 1563 1344 dominabantue,neque
1579 1241 1911 1342 tributorumquid·

285 1353 344 1426 ci.
374 1350 422 1424 lis
449 1369 567 1425 autem
598 1349 756 1440 Ducibus
784 1349 971 1449 peculiaris
992 1375 1052 1448 po·
1146 1374 1275 1446 quam,
1301 1367 1342 1424 ut
1370 1369 1478 1448 puto,
1505 1348 1544 1422 in
1565 1347 1707 1422 Fiscum
1728 1344 1835 1446 Regis
1853 1343 1910 1418 in·

284 1451 420 1528 testatis
447 1451 607 1526 mensura
633 1451 768 1526 tributa
795 1451 887 1544 fuit,
914 1453 949 1526 dt
973 1451 1050 1550 qui·
1084 1480 1113 1553 g
1146 1449 1322 1526 serebant.
1349 1451 1469 1547 Major
1497 1467 1615 1524 tamen
1643 1448 1698 1526 uti
1724 1446 1910 1548 potentia,
2052 1497 2056 1504 ·

284 1553 368 1628 dem
403 1579 476 1628 non
503 1554 545 1628 in
573 1579 678 1628 unam
716 1571 857 1629 tantum
895 1554 1053 1646 Urbem,

285 1653 344 1729 sed
371 1654 410 1729 in
429 1656 578 1754 plures.
603 1660 729 1755 Neque
755 1655 784 1730 ii
811 1672 911 1730 erant
939 1682 1051 1754 prcca-

289 1755 336 1830 rii
363 1757 646 1846 Gubernatorcs,
684 1756 740 1830 sed
767 1754 918 1856 supremi
948 1782 1055 1856 paene

288 1857 466 1950 Domini,
494 1858 564 1932 five
592 1859 744 1959 Reguli,
771 1856 943 1954 ejusmodi
973 1862 1054 1933 Pro·

289 1957 520 2054 vinciacum,
555 1961 594 2036 in
621 1960 753 2060 quibus
780 1959 867 2033 Filii
898 1959 1053 2034 Parenti-

289 2059 356 2134 bus
383 2058 635 2154 succedebant,
655 2061 831 2136 elediione
850 2076 968 2133 tamen
991 2065 1051 2134 Po·

289 2161 397 2261 puli,
425 2179 602 2262 utputo,
639 2163 902 2253 intercedente,
939 2163 1054 2238 uti&

290 2261 457 2338 consensu
486 2267 652 2368 Regum,
686 2265 707 2337 i
734 2263 863 2365 quibus
889 2263 1056 2340 novimus

1146 1551 1197 1626 ita
1215 1553 1251 1626 δι
1271 1551 1462 1628 ειυᾶοτὶταε
1489 1550 1559 1627 suit
1587 1550 1721 1654 semper
1742 1555 1909 1622 Beneven-

1145 1654 1233 1726 tanis
1267 1656 1441 1746 Ducibus,
1482 1680 1588 1752 quam
1623 1651 1836 1752 spoletanis,
1872 1650 1907 1724 δι

1147 1755 1329 1858 praecipue
1356 1755 1417 1830 sub
1443 1755 1586 1832 Francis
1605 1751 1908 1854 imperatoribus3

1147 1877 1231 1932 tunc
1248 1857 1345 1933 enim
1367 1861 1614 1934 beneventana
1633 1853 1727 1932 ditio
1746 1851 1785 1928 in
1807 1852 1911 1928 Prin·

1145 1958 1302 2057 cipatum
1328 1959 1494 2036 conversa
1512 1957 1604 2050 fuit,
1623 1983 1737 2058 eoque
1764 1954 1909 2034 tandem

1146 2061 1311 2154 devenit,
1348 2081 1388 2160 ut
1414 2063 1554 2136 nullum
1581 2059 1682 2162 supra
1708 2057 1742 2134 se
1769 2054 1909 2132 Princi-

1146 2189 1224 2260 pem
1252 2162 1437 2264 agnoscere
1461 2164 1600 2239 vellet.

1196 2263 1296 2340 Mihi
1323 2266 1413 2340 olim
1440 2263 1614 2340 insederat
1639 2262 1792 2364 opinio,
1833 2263 1910 2336 Du·

289 2363 391 2440 datos
418 2363 596 2440 interdum
620 2368 735 2442 Duces
754 2363 885 2440 eisdem
907 2364 1054 2442 Provin·
1081 2384 1114 2456 c
1145 2382 1263 2440 catum
1289 2364 1536 2460 Forojuls'ensem
1560 2363 1685 2440 iisdem
1707 2363 1909 2466 privilegiis

291 2465 378 2542 ciis.
404 2470 482 2543 Cur
500 2493 585 2543 vero
603 2465 713 2543 latior
731 2464 956 2559 dominatio,
984 2493 1055 2538 ma·

289 2568 449 2669 jorelquc
476 2569 741 2672 praerogativae
758 2566 961 2672 hujusmodi
982 2571 1054 2641 Du·

290 2671 390 2746 cibus
419 2672 594 2746 concessae
621 2669 776 2762 suerint,
812 2669 895 2745 inde
922 2667 1052 2744 manas·

290 2770 325 2845 se
354 2789 467 2871 puto,
504 2771 599 2870 quod
628 2771 821 2870 majoribus
849 2770 986 2846 viribus
1013 2771 1054 2844 ad

290 2899 347 2946 eas
375 2870 534 2968 regiones
561 2872 725 2949 tutandas
751 2899 839 2970 opus
866 2871 984 2962 foret,
1019 2875 1054 2945 dt

292 2970 405 3072 Regia
432 2972 746 3069 Langobardorum
773 2973 816 3046 ab
835 2970 882 3046 iis
901 2971 1053 3048 nimium

289 3071 451 3148 distaret.
473 3069 618 3148 Scilicet
638 3070 840 3147 insensrores
865 3097 906 3148 ac
933 3092 1053 3173 poten.

292 3173 403 3250 tiores
419 3170 550 3263 bolles,
565 3198 655 3270 quos
668 3171 731 3246 diu
746 3171 943 3250 sustinuerit
960 3177 1053 3251 Lan·

1146 2493 1186 2540 ac
1205 2467 1340 2567 juribus
1359 2484 1569 2550 exornatum
1584 2463 1706 2557 fuisse,
1722 2467 1781 2540 vel
1795 2489 1907 2563 quum

1145 2569 1371 2668 Langobardi
1402 2573 1512 2667 Reges
1538 2567 1577 2642 in
1605 2567 1711 2642 Italia
1746 2564 1910 2643 domina·

1146 2669 1294 2762 bantur,
1320 2668 1444 2745 dusius
1463 2668 1676 2745 ausioritate
1698 2668 1800 2744 Pauli
1820 2666 1909 2742 Dia·

1146 2772 1254 2872 coni,
1282 2772 1345 2870 qui
1371 2798 1493 2848 eorurn
1522 2775 1662 2846 Ducum
1682 2769 1761 2846 alta
1778 2772 1813 2844 ἃ
1833 2769 1909 2845 suc·

1146 2871 1353 2968 cessionem,
1381 2901 1453 2948 non
1481 2873 1575 2948 secus
1602 2893 1708 2970 atque
1727 2874 1909 2946 Beneven-

1145 2973 1221 3047 tani
1248 2977 1283 3048 dt
1316 2972 1497 3073 Spoletani
1535 2978 1694 3047 Ducatus
1730 2968 1907 3070 persequi·

1144 3091 1220 3150 tur.
1249 3079 1381 3148 Verum
1408 3074 1479 3148 alia
1506 3073 1598 3148 mihi
1618 3068 1906 3148 nunc'sententia

1147 3175 1216 3248 est.
1243 3175 1391 3251 Scilicet
1416 3174 1479 3250 uni
1506 3174 1693 3266 Civitati,
1729 3173 1908 3275 regnanti·

291 3271 481 3374 gobardica
508 3297 614 3373 gens,
642 3272 737 3348 suere
763 3275 914 3366 Graeci,
950 3271 1055 3375 atq'ue
1086 3288 1119 3357 D
1147 3275 1209 3350 bus
1247 3277 1511 3378 Langobardis,
1548 3275 1796 3376 forojulianus
1823 3279 1907 3350 Dua

292 3374 324 3450 il
350 3373 430 3446 sane
457 3371 668 3464 excusandi,
695 3373 779 3471 quia
806 3377 826 3448 i
853 3378 1054 3495 Langobar·

290 3473 348 3548 dis
367 3490 423 3546 tot
442 3470 603 3547 felicium
626 3475 897 3552 Provinciarum
917 3479 1054 3556 ditione

292 3573 458 3674 spoliati.
476 3577 668 3670 spoletano
690 3578 845 3652 Ducatui
866 3582 1052 3656 contermi·

292 3678 332 3752 ni
359 3692 459 3751 erant
486 3679 645 3752 Ducatus
683 3681 863 3756 Romanus
889 3705 933 3754 ex
960 3708 1057 3774 una,

292 3777 513 3853 Euarchatus
542 3783 726 3853 Ravennas
753 3804 834 3855 cum
870 3785 1055 3882 Pentapoli

292 3907 336 3956 ex
357 3883 489 3954 altera.
513 3881 784 3956 Beneventanus
803 3901 921 3957 autern
944 3888 1050 3959 Duca-

291 3999 350 4056 tus
390 3981 527 4083 jacebat
562 3981 658 4054 inter
697 3979 810 4076 ipsum
855 3987 1054 4060 Romanurn

291 4085 496 4173 Ducatum,
513 4080 694 4182 variasque
708 4087 923 4160 Graecorum
945 4089 1055 4162 Urbes

1148 3376 1329 3478 praefuisse
1355 3377 1446 3454 mibi
1473 3377 1650 3470 creditur,
1678 3377 1744 3452 boc
1771 3377 1818 3453 cll
1843 3383 1908 3451 Fa·

1148 3507 1181 3550 ro
1196 3481 1312 3571 Julii,
1348 3507 1436 3578 quae
1472 3477 1616 3554 Civitas
1642 3505 1736 3556 nunc
1769 3477 1910 3552 Cs‘ur'das

1146 3581 1183 3654 di
1209 3582 1321 3653 Frs'ulc'
1354 3581 1572 3681 appellatur,
1608 3580 1667 3656 cui
1701 3579 1844 3678 quidem
1872 3603 1907 3656 c·

1149 3681 1244 3756 versa
1261 3681 1430 3781 Aquileja
1446 3709 1526 3758 cum
1547 3683 1819 3782 quamplurimis
1832 3687 1908 3782 Op·

1148 3782 1262 3879 pidis,
1282 3785 1316 3858 &
1337 3782 1554 3881 amplissimo
1571 3811 1655 3886 agro
1671 3784 1787 3884 (nunc
1807 3783 1908 3858 Friu-

1147 3884 1200 3982 lr‘)
1227 3884 1384 3974 suberat,
1413 3883 1470 3960 sed
1489 3887 1597 3962 nullo
1626 3885 1699 3984 jure
1725 3885 1764 3961 in
1791 3883 1906 3961 liniti·

1148 4010 1221 4062 mas
1248 3987 1362 4060 Urbes
1388 3985 1566 4072 Tarvisri,
1595 3986 1806 4078 Vicentiae,
1840 3989 1905 4062 Pa·

1147 4083 1237 4160 rarii
1263 4088 1331 4160 dtr.
1362 4087 1490 4184 quibus
1527 4086 1579 4160 sui
1616 4089 1807 4186 peculiares
1834 4094 1908 4162 Du·

292 4182 789 4281 maritimas.1taquenecesse
805 4184 874 4260 suit
887 4186 925 4260 in
943 4214 1053 4260 remo·
1087 4195 1111 4262 Ε
1146 4210 1194 4260 ces
1218 4205 1338 4261 erant.
1376 4193 1459 4262 Non
1486 4188 1581 4285 quod
1609 4215 1706 4290 pares
1734 4189 1760 4263 ii
1789 4195 1906 4266 Duces

291 4286 445 4360 rioribus
472 4283 565 4358 bisce
594 4283 707 4385 Regni
736 4287 893 4384 partibus
922 4287 1026 4361 Praes
1040 4331 1054 4352 ·

291 4385 369 4460 sios
396 4386 605 4461 constituere
631 4412 703 4462 non
725 4387 879 4488 vulgaris
903 4387 1052 4464 aunon·

291 4486 379 4563 tatis
407 4507 512 4584 atque
539 4489 740 4582 potentiae,
767 4489 920 4586 quibus,
945 4515 1053 4587 quum

291 4586 473 4664 necelliras
490 4587 643 4690 posceret
656 4643 668 4678 ,
680 4587 771 4662 vires
788 4593 917 4664 multas
932 4617 1053 4692 cogere

292 4688 398 4764 facile
419 4687 531 4778 foret,
547 4689 671 4784 easque
684 4695 899 4764 Graecorum
919 4693 1052 4766 conati·

292 4793 357 4868 bus
382 4817 579 4891 opponere.
606 4795 729 4888 Atque
758 4791 840 4865 inde
867 4790 975 4867 etiam
1004 4793 1046 4866 sa·

293 4891 414 4984 dium,
435 4911 473 4966 ut
494 4892 682 4966 memorati
709 4891 779 4966 duo
800 4897 978 4983 Ducatus‚
999 4895 1052 4970 uti

293 4993 555 5093 praestantiores
576 4991 721 5082 ceteris,
737 4993 889 5070 conserti
904 4993 1054 5072 solerent

292 5091 455 5172 omnium
469 5160 474 5174 .
490 5091 718 5174 nobiliffimis
753 5095 869 5200 Regni
896 5096 1051 5177 Prosen-

392 5201 482 5274 Tcnr.
507 5203 538 5278 Ι.
664 5245 669 5258 ‚
939 5265 940 5269 ,
1043 5235 1046 5242 ·

1148 4288 1263 4362 forent
1305 4289 1564 4364 Beneventanis
1603 4293 1639 4364 dt
1679 4292 1905 4390 Spoletanis,

1146 4415 1267 4464 eorum
1303 4389 1428 4464 seriem
1457 4390 1643 4464 conteruit
1671 4395 1820 4484 Paulus,
1847 4389 1906 4466 sed

1145 4489 1240 4586 quod
1271 4489 1407 4588 ipsein
1437 4494 1529 4566 soro
1564 4491 1652 4583 Julii
1690 4514 1815 4582 natus,
1849 4513 1904 4568 res

1147 4591 1286 4666 Patriae
1312 4592 1439 4693 majori
1468 4619 1537 4692 qua
1568 4593 1687 4690 potuit
1716 4592 1906 4694 diligentia

1144 4693 1259 4769 literis
1284 4695 1547 4770 commendatas
1569 4694 1707 4768 voluit.
1735 4697 1904 4772 Ceterum

1147 4794 1323 4894 poliquam
1344 4799 1495 4871 Carolus
1521 4800 1676 4898 Magnus
1700 4796 1907 4896 Langobar.

1144 4897 1269 4972 dorum
1299 4903 1424 4998 Regno
1460 4898 1596 4997 potitus
1623 4897 1690 4988 est,
1726 4915 1766 4976 ut
1791 4898 1903 4998 elset,

1145 4997 1206 5098 qui
1234 5000 1404 5088 sclavos,
1432 5002 1590 5088 Avares,
1619 5001 1653 5074 dc
1680 5005 1833 5076 Graecos
1860 5001 1903 5078 fi·
2051 5084 2055 5090 ,

1145 5095 1296 5180 meinos
1335 5100 1473 5201 viribus
1512 5099 1582 5178 suia
1622 5101 1903 5204 comprimeret,

1241 5203 1279 5278 Τ
1746 5203 1855 5275 Foro-
