4628 6148
357 467 438 557 149
649 425 1175 532 *orssunranro
1232 435 1540 530 aaaron.
1765 467 1852 556 130
1891 421 1905 576 J

323 639 500 732 Gouradi
530 647 563 732 1.
593 641 733 730 Italiae
763 638 887 756 Regis
918 637 1134 778 Diploma3
1163 667 1246 777 quo
1275 639 1485 728 confirmat
1515 642 1602 756 juta
1635 636 1881 732 Monalletio

649 761 815 847 Lucenfi
845 759 980 848 snutti
1010 766 1218 868 Pontiam,
1247 761 1373 843 Anno
1407 787 1533 873 10²5·

245 1027 249 1034 .
292 959 380 1146 IN
403 959 527 1032 nomine
553 953 666 1049 fictile
699 958 747 1031 U*
780 958 951 1032 individue
981 957 1055 1030 Tri·
1086 960 1134 1040 ΑΙ
1140 954 1235 1054 genis
1260 953 1367 1027 incliti
1391 955 1614 1049 Marebionis,
1636 978 1696 1056 pto
1714 958 1778 1052 fiee
1801 959 1913 1036 amiud

367 1063 506 1148 nitatis,
533 1057 769 1135 Chuonradus
798 1061 919 1133 diuina
936 1058 1055 1150 samn-
1143 1059 1188 1128 θ
1212 1076 1272 1153 pro
1296 1057 1466 1130 animabus
1491 1059 1631 1130 omnium
1657 1060 1911 1147 Christianorum

294 1184 326 1236 tc
350 1161 516 1241 elementia
539 1161 614 1236 Rex
639 1162 707 1236 &o
732 1161 871 1260 qualiter
896 1164 1057 1235 Domnus
1135 1156 1309 1250 fidelium,
1337 1163 1404 1230 Deo
1415 1159 1573 1252 fauente,
1594 1158 1677 1250 foris
1694 1186 1817 1233 murum
1841 1168 1912 1236 Lu-

295 1260 503 1338 Ambrofius
530 1261 756 1336 venerabilis¹
770 1261 893 1336 Abbas
922 1261 1056 1349 nosltam
1141 1259 1238 1346 eenfis
1264 1260 1379 1351 Urbis,
1407 1263 1442 1334 in
1467 1262 1579 1336 bonore
1602 1259 1790 1334 stallorum
1814 1269 1910 1360 Ap·-

288 1365 426 1461 supplex
450 1361 534 1436 adiit
556 1363 781 1448 celsitudinem
804 1365 994 1460 deprecans,
1021 1385 1059 1435 ut
1136 1360 1288 1449 stolorum
1313 1361 1463 1460 Philippi
1487 1364 1533 1436 θ’
1546 1363 1688 1457 Iaculi,
1725 1364 1770 1435 Θ
1794 1361 1911 1437 Sanilt'

251 1459 254 1466 ’
291 1488 351 1564 pro
386 1463 452 1536 Dei
490 1487 611 1554 amore,
645 1463 767 1560 suaque
798 1463 1056 1560 supplicatione,
1145 1463 1301 1534 Pontiani
1326 1466 1491 1558 Martyris
1508 1465 1649 1553 coristi,
1676 1463 1769 1558 eujus
1792 1466 1912 1564 glorie·

297 1562 548 1652 Monafleriurn,
576 1571 657 1661 quod
686 1565 879 1653 restauravit
903 1569 1058 1662 quaedam
1138 1565 1212 1657 [unt
1236 1572 1359 1663 Corpus
1383 1565 1501 1640 ibidem
1527 1564 1689 1662 requiescit
1715 1567 1784 1640 lire.

296 1665 578 1762 mereremur
601 1687 738 1764 menta,
764 1687 866 1742 mater
889 1691 965 1740 vert
983 1677 1076 1770 flu-1
1707 1685 1709 1692 '

436 1966 577 2068 Signum
601 1971 725 2046 Domni
749 1972 936 2048 Cbuonradi
980 1846 1235 2342 W
1267 1971 1372 2071 Regis
1396 1970 1599 2070 invilliffimi
1612 2024 1627 2052 .

345 2423 443 2581 Ilugo
467 2479 687 2557 Cancellarius
711 2481 783 2558 uice
807 2479 969 2559 sesribonie
991 2479 1284 2557 Arelicaneellarii
1313 2483 1500 2581 recognovi.

1288 2683 1423 2762 Hiatus
1449 2683 1573 2788 Sigilli
1599 2681 1693 2760 cerei
1720 2681 1902 2785 deperditi

346 2890 441 2964 Data
466 2890 502 2962 in
528 2895 620 2966 Vlll.
646 2893 814 2966 Kalendas
838 2893 919 2968 Mai
931 2947 944 2985 ‚
980 2887 1157 2966 lndillione
1193 2892 1284 2962 Vlll.
1314 2897 1420 2962 Anno
1453 2890 1643 2962 Dominieae
1677 2888 1920 2967 incarnacionis,

399 2991 549 3063 MXXV.
576 2998 680 3062 Anno
705 3013 811 3066 autem
836 2995 957 3065 Domni
982 2991 1156 3067 Kuonradi
1180 2989 1318 3062 Secundi
1344 2989 1531 3086 Regnantit
1553 2990 1686 3068 Primo.

345 3088 475 3164 illlum
499 3089 542 3179 eli
567 3090 602 3162 in
628 3091 783 3190 Augulla
807 3094 975 3167 Ciuitate.

346 3291 517 3368 Manibus
550 3293 694 3393 quidem
735 3293 948 3395 pedibusque
986 3295 1110 3372 uitiB
1146 3293 1312 3368 declinans
1335 3291 1541 3388 consortium,
1569 3293 1689 3368 inuitis
1713 3295 1786 3368 illis
1809 3321 1846 3371 ee
1864 3318 1913 3368 re·-

295 3393 568 3492 Chriliophorus
578 3396 771 3470 Gewuldus
783 3397 891 3496 potest
901 3397 1055 3473 inCom·
1144 3395 1385 3494 pugnantibus,
1403 3397 1490 3468 adiit
1504 3399 1709 3471 Germaniam
1721 3398 1810 3491 solus
1825 3397 1917 3492 ‘'Ps‘r

296 3495 473 3569 mentatio
497 3497 538 3568 de
563 3497 748 3572 Elelloraru
765 3501 854 3597 Cap.
882 3522 917 3598 7.
937 3515 978 3572 ut
995 3497 1055 3572 sta·
1149 3505 1270 3594 Regem
1303 3494 1473 3568 Eleslurur
1506 3500 1731 3572 Teutonicum.
1773 3497 1912 3570 Deinde

295 3610 374 3670 tuat
400 3595 602 3672 institutum
629 3602 746 3674 multo
771 3617 874 3674 antea
901 3599 1058 3694 (hocest
1148 3596 1288 3689 subdit,
1323 3597 1509 3698 regselsum
1541 3598 1744 3674 Eribertum
1772 3597 1810 3671 in
1838 3599 1911 3669 Ita·

295 3697 445 3771 Ottonis
478 3702 544 3773 111.
571 3700 814 3800 temporibus)
851 3701 1056 3804 Collegium
1149 3698 1235 3774 liam
1262 3698 1355 3775 nihil
1383 3697 1607 3800 megillo,
1644 3717 1684 3774 ut
1712 3701 1912 3776 Primatum

296 3797 552 3895 Septemvirale
578 3800 803 3877 Eleiiorum.
832 3805 909 3878 Nos
934 3803 969 3878 ei
996 3804 1057 3878 ob·
1150 3799 1287 3875 animos
1323 3800 1532 3876 conciliaret
1568 3801 1762 3895 Conrado,
1798 3825 1913 3899 eoque

297 3896 442 3999 jicimus
479 3898 671 4000 Wipponis
711 3901 983 3998 ausiositatem,
1023 3932 1058 3980 a·
1151 3919 1278 4002 agente
1298 3900 1441 3976 tandem
1454 3901 1549 3995 suum
1563 3902 1711 3978 Eleslurn
1723 3904 1793 3998 fere
1810 3925 1914 3978 omnes

297 4017 433 4101 pereant
478 4000 561 4076 satis
600 4019 706 4102 atque
746 4003 987 4105 perspicuam,
1023 4007 1057 4080 u
1154 4003 1328 4077 laudavere
1345 4004 1599 4098 suscipiendum.

296 4100 502 4203 praesertim
535 4122 681 4202 accepto
715 4103 816 4182 fimus
843 4125 924 4182 toto
958 4105 1060 4181 illius
1203 4107 1327 4202 Atque
1355 4102 1523 4180 habienus
1550 4105 1707 4206 congesta
1743 4107 1796 4183 sat
1823 4107 1914 4184 lueis

298 4202 489 4304 scriptoris
504 4205 832 4301 contextu.Quidi
849 4207 1061 4309 quodWip·
1088 4223 1122 4292 Ι)
1152 4201 1347 4280 ministrare
1385 4203 1490 4280 nobis
1529 4223 1661 4305 queant
1696 4206 1740 4282 ad
1777 4209 1915 4286 intelli·

299 4306 385 4408 poni
412 4305 547 4382 socium
573 4307 761 4407 adjungere
788 4311 963 4408 possumus
990 4313 1060 4383 Ita·
1152 4304 1327 4406 gendum,
1362 4333 1470 4405 quare
1505 4307 1543 4382 in
1580 4308 1680 4408 supra
1716 4329 1915 4387 memorato

297 4409 408 4482 licum
424 4433 564 4507 quoque
575 4407 813 4506 Scriptorem‚
831 4409 1060 4511 Arnulpbum
1156 4406 1364 4507 Diplomate
1384 4411 1517 4482 obertus
1534 4414 1580 4485 ll.
1606 4413 1755 4493 Marabio
1776 4413 1917 4487 dicatur

298 4504 470 4582 uidelicet
489 4507 792 4584 Mediolanensem
811 4509 965 4611 ejusdem
985 4515 1061 4587 Sae·
1152 4511 1187 4583 be
1214 4505 1288 4608 ipse
1306 4509 1507 4586 convenisse
1525 4510 1568 4586 ad
1588 4511 1788 4612 eligendum
1815 4517 1917 4586 lien-¹

299 4607 374 4686 culi
402 4607 646 4684 Historicum.
681 4611 854 4687 Affirmat
888 4612 952 4688 ille
979 4613 1062 4688 Lib.
1151 4609 1275 4686 sicum·
1301 4612 1393 4712 apud
1428 4617 1622 4688 Germanos
1656 4613 1851 4689 Secundum
1879 4610 1932 4700 iu,

301 4736 334 4787 a.
354 4712 443 4798 Coo.
464 4735 497 4785 t..
517 4709 722 4787 Eribertum
742 4711 1061 4816 Archiepiscopum
1153 4721 1274 4811 Regem
1293 4714 1339 4785 θ
1363 4717 1603 4811 imperatorem.
1629 4719 1706 4803 Jam
1735 4727 1854 4814 patet,
1882 4715 1917 4788 l·

298 4807 626 4903 Mediolanensem,
655 4831 778 4890 contra
796 4815 995 4892 nitentibus
1012 4842 1061 4892 re·
1153 4813 1273 4889 talicis
1299 4841 1440 4916 quoque
1469 4814 1695 4914 Principibus
1721 4812 1763 4885 ad
1787 4811 1917 4890 Comi.

298 4910 410 5014 liquis
437 4910 546 4988 ferme
573 4911 701 4990 Italiae
728 4915 983 5017 Principibus,
1004 4857 1079 5022 ,inl
1155 4916 1265 4990 tia&
1293 4917 1517 4992 Eleilionem
1555 4912 1661 5014 Regis
1696 4911 1795 4986 suum
1822 4915 1941 5004 olim,

297 5014 528 5090 Germaniam
560 5017 756 5116 properalle
782 5018 826 5092 ad
860 5017 1062 5120 eligendum
1154 5016 1253 5092 soille
1279 5019 1334 5120 jus
1359 5021 1395 5093 tr
1421 5021 1565 5107 locum,
1592 5040 1664 5090 nou
1694 5012 1789 5090 secus
1808 5035 1917 5116 atque

298 5119 455 5218 Regem.
492 5121 649 5213 Sororum,
691 5117 837 5221 inquit,
874 5121 1066 5221 comparium
1153 5117 1399 5200 Germanicis.
1438 5119 1516 5216 Qui
1551 5141 1637 5192 vero
1668 5117 1915 5224 Gerruanise,⁸

1215 5223 1331 5306 Ka
1758 5243 1862 5352 ¹ac
