4532 6154
280 491 367 571 729
584 443 1104 540 'DJSSERTATIO
1158 445 1468 540 OCTAVA}
1691 481 1778 574 730

273 575 380 650 Fabiu
417 569 466 646 est
504 565 603 662 supra
645 569 783 644 mensio
820 567 978 642 Comitum
1015 591 1045 662 Α
1080 572 1201 646 ROLI
1228 571 1292 650 VI.
1319 572 1374 642 Ex
1401 566 1550 667 ejusdem
1579 563 1739 650 Comitis
1764 578 1838 650 Tei

223 675 488 761 Tarur'finrrunr.
525 675 578 746 Ex
605 672 651 750 iis
673 670 853 772 originem
880 670 979 742 ducit
1080 671 1219 746 bulario
1245 669 1443 744 desumturrr
1474 670 1642 772 Diploma
1670 680 1837 774 produce·

223 777 428 854 illustris&
464 773 628 874 generosa
664 799 819 874 propago
854 770 972 846 Comi·
1079 801 1116 849 re
1141 799 1235 848 nune
1262 772 1384 872 juvat,
1420 771 1461 844 ad
1490 771 1638 848 illustres
1664 779 1738 878 ejus
1765 803 1840 850 mo·
1923 800 1926 805 ·

224 902 299 954 turn
328 879 370 952 de
396 879 579 968 collalto,
614 877 708 950 inter
734 901 823 974 quos
850 873 979 974 praeci·
1080 877 1169 977 joses
1205 873 1389 974 spebsans,
1425 872 1519 973 quod
1556 872 1719 974 fingulari
1755 905 1838 978 erga

224 1008 291 1082 pue
339 978 494 1056 solendet
539 977 721 1052 Antonius
767 976 980 1052 Rambaldus
1080 1004 1136 1050 me
1162 975 1276 1050 amori
1303 976 1412 1050 debeo
1438 975 1592 1051 Abbatis
1619 979 1770 1058 Henrici
1796 983 1838 1056 de
1923 1067 1928 1076 ,

225 1077 378 1155 collalti
406 1083 558 1168 Comes,
591 1103 683 1154 nunc
710 1076 859 1152 intimus
885 1081 980 1152 Con·
1080 1081 1264 1154 collalto.

226 1182 374 1258 senarius
413 1179 657 1282 Augustiffimi
697 1180 855 1256 Caesaris
895 1184 979 1258 CA·

250 1438 376 1519 ,Orto
407 1437 480 1518 111.
513 1432 753 1524 Germaniae
785 1437 822 1520 δν
854 1433 993 1524 ltaliae
1024 1440 1119 1520 Rex
1146 1426 1373 1520 Rambrldo
1402 1426 1559 1518 Comiti
1589 1429 1800 1524 Tarvisrno

505 1581 611 1639 nova
640 1553 783 1668 donat,
812 1557 851 1638 be
884 1581 1017 1642 vetera
1047 1551 1282 1660 confirmet,
1313 1557 1437 1634 Anno
1465 1581 1566 1660 994.

281 1791 317 1860 N
339 1782 460 1857 nomine
485 1783 599 1876 Saubie
623 1786 667 1856 θ’
689 1786 862 1860 individue
884 1788 994 1862 Trini·
1021 1791 1051 1862 B
1083 1782 1234 1882 quiequid
1259 1780 1359 1878 Regii
1377 1780 1466 1877 juris
1490 1781 1577 1874 insru
1601 1809 1704 1856 nurror
1729 1785 1844 1860 Trivi-

304 1890 410 1961 tarir.
437 1896 509 1958 Orto
533 1888 653 1959 divina
672 1887 807 1978 sauente
832 1889 995 1962 elementia
1077 1886 1178 1977 sanae
1203 1884 1361 1956 cniraris
1387 1883 1572 1975 invenitur,
1604 1886 1675 1958 buis
1697 1890 1844 1961 donatio.

231 1999 325 2064 Rex.
354 1995 392 2060 ὃν
410 1986 563 2080 fidelium
589 1988 757 2075 nostrorum
782 1990 919 2060 omnium
944 1991 993 2060 di·
1081 1985 1118 2056 nr'
1150 1986 1330 2080 largimur.
1364 1989 1472 2056 Extra
1506 1989 1636 2056 eandem
1664 1989 1843 2062 civitaten

227 2118 292 2188 gne
312 2105 536 2186 perpendentes
552 2089 712 2180 sentitiis,
727 2087 924 2182 fidelitatem
946 2117 992 2162 eo·
1084 2087 1237 2177 Mansuns
1263 2111 1360 2156 unum
1389 2086 1423 2154 r'n
1448 2086 1652 2157 Auroliaeo:
1687 2091 1843 2182 Mansunr

230 2207 303 2262 runr'
327 2215 423 2285 aeque
458 2190 786 2284 recompensaverirnus
810 2192 991 2262 ebrodunen-
1081 2211 1179 2257 uuurn
1204 2189 1239 2258 in
1265 2183 1477 2282 Burgobiaeo:
1504 2187 1658 2278 Mansurn
1684 2215 1782 2262 uuum
1808 2191 1844 2264 in

230 2294 303 2382 tir,
329 2289 494 2380 fideliores
520 2315 568 2360 eos
603 2290 692 2362 nobis
723 2313 780 2385 per
807 2290 913 2362 omnia
940 2288 997 2386 effe
1083 2287 1173 2358 Villa
1196 2287 1298 2360 Saia.
1333 2293 1396 2360 Ad
1430 2287 1483 2358 ber
1516 2287 1613 2359 etiarn
1638 2291 1782 2362 dedimus
1812 2293 1844 2363 αι’

231 2389 426 2488 impssierurn
453 2415 540 2460 neruo
565 2389 636 2484 quis
658 2390 814 2486 ambigit.
843 2397 933 2464 Unde
956 2419 993 2462 u·
1082 2385 1235 2477 Mansuur
1262 2389 1416 2480 Regabern
1443 2386 1666 2474 inrernrestre
1688 2392 1733 2460 Θ
1755 2397 1845 2462 Pau·

234 2490 369 2577 niverfis
391 2495 501 2576 uostris
516 2487 697 2581 fidelibus,
720 2491 914 2585 presentibus
932 2491 993 2582 sei·
1082 2487 1200 2558 arriano
1226 2487 1271 2556 (9·
1296 2489 1481 2573 Brentubo,·
1506 2486 1550 2556 C?
1577 2489 1610 2558 in
1635 2489 1735 2562 Silva
1758 2491 1845 2586 Geso

233 2595 306 2666 u'aer
332 2589 519 2679 &suturis
544 2610 652 2658 notum
680 2589 838 2678 serimus,
872 2615 993 2686 quomo·
1085 2613 1145 2656 uon
1180 2587 1270 2682 louge
1295 2586 1422 2658 Edrino
1456 2588 1612 2680 Marsum
1646 2616 1744 2662 ununr
1778 2619 1846 2664 curn

231 2697 274 2766 do
300 2716 355 2761 nos
379 2693 560 2760 iuteweutu
584 2687 753 2788 Willigiss
780 2690 994 2790 Mugunrine
1028 2686 1170 2772 Csibva
1195 2687 1239 2758 (y
1269 2686 1432 2782 pascuis;
1467 2691 1511 2759 (9·
1546 2689 1580 2760 iu
1616 2691 1707 2764 Villa
1730 2693 1847 2764 sandi

142 2793 145 2798 Δ
233 2789 331 2868 Sedis
359 2786 628 2886 Archiepisropi
656 2790 844 2884 ebariffimr',
879 2819 916 2864 ao
950 2819 990 2864 se·
1085 2788 1243 2860 Andradi
1267 2815 1327 2858 non
1354 2787 1444 2884 ionga
1465 2789 1613 2862 Pauiano
1634 2793 1789 2885 Marsum
1811 2821 1847 2866 rr-

234 2915 369 2966 terorunt
393 2889 547 2982 fidelium
581 2889 779 2982 nostrorum,
812 2913 870 2986 per
901 2892 998 2984 bujus
1086 2915 1189 2976 uurn,·
1215 2889 1248 2960 in
1267 2887 1339 2978 fine
1363 2891 1525 2960 Surmatie
1547 2891 1701 2982 Mansuru
1725 2917 1848 2964 unum:

235 2993 332 3081 uestri
354 2993 496 3086 Preeepti
518 2992 675 3087 pagiuam
698 2991 920 3084 Raymboldo
943 3021 993 3064 no·
1088 2990 1130 3060 Φ·
1145 2989 1338 3080 nescisne,
1357 2993 1440 3085 quod
1451 2991 1496 3061 ad
1511 2990 1645 3077 nostrum
1660 2996 1772 3065 bobum
1789 2993 1847 3092 (*)

227 3095 296 3183 siro
315 3092 492 3164 honorabili
504 3092 694 3163 donavimus
709 3088 913 3186 Massurieias
932 3101 995 3166 Re·
1084 3089 1246 3186 pertinet,
1281 3095 1351 3162 XC.
1384 3089 1529 3186 jugera,·
1563 3093 1608 3162 (J
1635 3091 1670 3179 fi
1704 3096 1751 3166 ibi
1786 3122 1848 3167 non

230 3195 325 3290 gabes
359 3193 496 3290 quinque
530 3195 564 3264 iu
595 3197 668 3264 Viro
694 3192 868 3284 Nervissu,
898 3191 998 3288 justa
1089 3189 1320 3281 inveniuntur,
1355 3191 1412 3263 ubi
1441 3192 1573 3288 propius
1606 3183 1776 3286 habentus,
1811 3224 1850 3270 a·

227 3294 376 3392 fluvium
404 3294 564 3368 Plavim.
599 3297 637 3366 In
668 3293 741 3366 Vico
773 3315 906 3385 autent,
940 3297 998 3392 qui
1088 3291 1304 3387 dinspleatur.
1339 3292 1411 3386 Qui
1438 3291 1539 3378 simul
1562 3294 1689 3390 viginti
1713 3316 1848 3392 qunuor

235 3395 457 3488 Mosebabinus
480 3395 626 3477 uicino,
662 3391 862 3484 Massaritios
892 3397 995 3486 duos,
1091 3392 1228 3488 Regabes
1254 3392 1367 3477 Manst
1393 3391 1429 3463 in
1451 3395 1679 3490 prenominatis
1704 3398 1777 3468 toris
1803 3425 1851 3468 re.

230 3496 329 3595 juxta
343 3495 491 3586 fluvium
508 3501 691 3595 Clausam.
718 3503 815 3590 Quod
835 3494 868 3580 si
889 3495 924 3568 in
947 3525 997 3568 ea·

1087 3489 1247 3584 serentes,
1276 3493 1510 3586 sediminibus,
1545 3496 1664 3591 eampis
1689 3499 1758 3569 &n
1794 3503 1850 3570 Iu.

233 3599 306 3668 deur
333 3596 422 3665 Villa
446 3616 573 3666 tantum
608 3623 668 3666 non
705 3597 872 3668 invenitur
896 3597 998 3694 Regii
1031 3606 1065 3676 D
1091 3593 1179 3689 super
1197 3595 1293 3667 etiam
1306 3592 1453 3684 sensium
1470 3599 1510 3666 de
1530 3597 1739 3686 Morunda,
1766 3599 1849 3694 quod

229 3695 343 3791 juris,
371 3714 407 3764 ut
431 3692 605 3789 adimplere
632 3695 713 3790 ipsos
737 3701 815 3767 duos
841 3693 995 3791 Massuri-

233 3798 297 3867 tios
322 3819 382 3865 non
407 3792 573 3887 possimus,
604 3795 660 3864 ubi
682 3795 757 3889 plus
777 3795 878 3883 seeum
903 3821 994 3893 prae.

229 3895 337 3990 satam
362 3894 482 3964 Villam
503 3915 670 3988 reponatur
694 3895 789 3982 nostri
812 3894 917 3986 iuris,
941 3920 999 3994 per

233 3999 316 4071 bane
340 3994 473 4081 nostram
501 3995 710 4088 eoueeffionem
735 3996 922 4068 tribuimus.
957 4004 995 4069 In

236 4103 310 4172 ria
332 4117 461 4182 autern,
495 4097 552 4194 qui
579 4117 711 4168 voratur
734 4097 834 4168 Silva
859 4098 996 4186 Elleros-

228 4199 292 4294 sa,
320 4219 379 4280 aus
406 4197 462 4268 ubi
485 4197 616 4295 propius
643 4197 816 4289 babemus,
845 4194 995 4288 Massari·

236 4300 298 4373 tior
321 4321 473 4396 quatuor.
502 4303 618 4370 lterum
637 4295 678 4368 ¹in
708 4300 801 4386 Vico,
826 4299 881 4393 qui
906 4301 999 4370 Vide·

236 4400 325 4472 darus
348 4421 500 4480 voratur,
527 4398 682 4491 Mansuru
705 4401 859 4495 Regulam
884 4427 1001 4474 unum.

236 4505 286 4575 Et
313 4501 396 4572 idern
426 4501 460 4572 in
488 4501 587 4590 Viro,
619 4500 676 4597 qui
700 4501 883 4591 Casaeurua
908 4528 1000 4574 voca·

237 4622 314 4692 tur,
339 4627 433 4698 quam
461 4603 652 4696 Wangerius
675 4599 866 4692 edificavit,
886 4600 944 4694 seu
967 4629 1001 4674 rr·

237 4701 272 4776 bi
290 4701 419 4800 propius
436 4703 532 4788 nasiri
546 4700 632 4795 juris
646 4702 795 4793 invenit,
809 4705 885 4774 duos
898 4706 999 4774 Mun·

232 4803 305 4898 sos.
340 4809 380 4878 In
409 4803 499 4875 Vilia
523 4828 619 4892 veru,
645 4830 705 4900 que
727 4805 824 4876 satta
848 4827 1000 4896 voratur,

238 4907 316 4984 duur
354 4905 490 5000 Mausos
521 4903 702 4992 fimiiirer.
741 4905 872 5004 Insuper
904 4906 1001 4980 etianr

1089 3701 1133 3766 ad
1166 3699 1294 3768 Curtern
1329 3697 1539 3768 Luvadinaru
1568 3697 1724 3792 pertinere
1757 3699 1851 3770 vide·
1960 3783 1963 3791 ι

1089 3817 1171 3882 tur,·
1205 3795 1302 3880 &si
1326 3797 1405 3894 quid
1429 3800 1505 3894 plur
1530 3795 1563 3867 r'n
1590 3800 1692 3868 eodem
1711 3798 1850 3890 serresbo,

1088 3921 1183 3990 quarn
1223 3897 1306 3990 quod
1338 3903 1383 3968 ad
1417 3899 1554 3970 eamdem
1590 3903 1718 3968 Currum
1750 3902 1851 3994 perti·

1090 4015 1186 4084 near,
1222 4021 1276 4065 nee
1301 4021 1362 4064 non
1390 3997 1433 4064 (9¹
1459 3995 1625 4080 universas
1658 3998 1745 4071 abias
1772 4007 1854 4073 Ter·

1090 4121 1164 4180 ras,
1189 4120 1269 4190 quas
1288 4093 1493 4190 supradibius
1518 4099 1672 4187 Comes,
1708 4121 1765 4171 aut
1790 4105 1853 4172 Ge·

1091 4196 1175 4266 nitor
1210 4192 1307 4291 ipfius
1332 4223 1354 4267 a
1378 4194 1616 4293 quibuscumque
1650 4201 1852 4297 Imperatori.

1094 4299 1152 4369 bus
1175 4297 1232 4365 vel
1257 4295 1401 4392 Regibus
1431 4298 1623 4393 precepturie
1648 4302 1772 4372 nomine
1794 4302 1854 4374 bu·

1097 4401 1257 4488 buerunt,
1291 4397 1354 4490 sub
1387 4396 1445 4470 bae
1477 4401 1586 4470 eadem
1623 4399 1857 4492 confirmatione

1097 4501 1249 4571 donamus
1287 4525 1323 4572 αν
1354 4497 1562 4594 percipimus,
1598 4527 1664 4572 eum
1699 4501 1856 4588 uuiverfis

1099 4600 1321 4672 venationibus
1346 4599 1392 4669 θ’
1415 4599 1664 4696 piscationibus,
1693 4602 1752 4694 seu
1785 4603 1855 4699 qur'·

1101 4699 1282 4797 bustumque
1319 4699 1399 4772 abiis
1436 4701 1653 4798 appendiciis,
1693 4729 1752 4800 que
1790 4703 1857 4776 diri

1099 4797 1248 4897 possunt,
1281 4827 1342 4898 que
1370 4799 1456 4894 juste
1481 4802 1526 4874 &¹
1558 4800 1707 4898 legaliter
1729 4806 1778 4875 -de
1803 4831 1858 4875 ne·

1093 4903 1160 4991 siro
1181 4901 1256 4999 jure
1281 4901 1436 5000 impertiri
1456 4898 1634 5000 posumus,
1668 4930 1729 5002 que
1751 4905 1858 4980 omnia

1769 5035 1806 5079 ns

320 5141 369 5220 (⁸⁸
383 5145 615 5230 Dncnangius
630 5146 662 5214 in
679 5145 836 5216 Glonuio
851 5143 943 5215 Med.
959 5146 993 5214 δι
1009 5143 1115 5213 Infim.
1133 5141 1319 5238 Latiniensis
1335 5163 1402 5227 pag.
1423 5144 1491 5236 ⁸⁰²:
1508 5145 1523 5222 (
1531 5162 1599 5290 pop.
1618 5163 1706 5238 ¹³75·
1721 5141 1854 5236 edition·

240 5221 328 5296 νει.
336 5223 1555 5312 ΜΟΕΕΧΧΧῊΙΙ.)Ηα6α,Ηνόα,Ηναα,Ηαόανναα,ι·νν.Μοόαναςννααννν
1584 5223 1854 5294 ubrsurronecodonr·
