4626 6152
486 431 570 522 sas
781 395 1175 515 Antronrn
1233 391 1460 484 unnrr
1514 398 1691 488 aaut
1898 409 1981 518 3⁸.

424 543 475 596 tor
500 520 664 610 extiterit,
688 519 772 612 sciat
792 517 830 610 se
854 517 1087 614 campofiturum
1113 519 1187 588 auri
1217 527 1251 598 Α
1334 519 1378 604 sit
1407 521 1479 612 Ego
1505 521 1659 614 Rogerius
1684 529 1763 596 Duu
1787 549 1836 594 me
1855 523 2040 621 subscripsi.

421 624 582 720 purr'ffimi
630 623 747 694 Libras
790 641 950 708 centum,
989 619 1186 689 medietatem
1235 651 1240 660 ·
1334 629 1379 708 alr
1404 620 1543 716 Signum
1569 626 1749 698 Guarmarr'i
1773 625 1910 697 Comitis
1934 635 2042 724 Capu·

426 734 562 798 Camere
588 723 712 810 nolite,
747 721 794 790 θ
819 719 1017 813 medietatem
1040 721 1189 816 partibus
1384 719 1569 814 taquenfis.

429 826 526 922 ipfins
547 819 820 919 Arcbiepiscopii.
856 827 905 894 Et
929 821 983 893 hee
998 823 1103 908 naflra
1119 849 1186 894 ron·
1336 823 1380 908 ᾧ
1405 826 1479 917 Ego
1503 828 1658 918 Paganus
1680 825 1720 896 de
1746 829 1923 922 Florenua.

428 928 512 1020 ceffia
535 927 581 995 (t
605 921 800 1014 confirmatio
819 921 941 1019 semper
958 921 1060 1016 firma
1080 925 1123 994 Φ
1142 925 1186 994 in·
1337 925 1392 994 Ex
1428 924 1484 996 his
1525 922 1629 998 habes
1671 927 1861 1026 Rogerium
1904 933 2040 1006 Ducem

430 1023 567 1120 concubia
588 1045 798 1122 permaneat.
833 1031 970 1096 Teanum
994 1050 1071 1096 vero
1095 1023 1191 1120 bujus
1285 1021 1468 1097 Guiscardi
1498 1021 1638 1116 filium,
1672 1024 1915 1102 dominantem
1952 1057 2041 1130 quo·

430 1129 527 1218 nostre
550 1127 743 1221 conceffionit
767 1127 812 1195 (t
837 1123 1103 1218 confirmationis,
1130 1127 1192 1199 ribs'
1287 1150 1354 1222 que
1389 1125 1545 1200 Salerni.
1581 1125 1699 1225 Aequi
1734 1131 1844 1202 Anno
1880 1129 2042 1230 sequente

430 1229 595 1321 Landuiso
626 1254 693 1300 meo
727 1228 862 1300 Neratio
888 1227 1024 1318 seribere
1053 1229 1187 1324 precepi·
1287 1229 1409 1300 MxC.
1427 1223 1577 1300 invenio
1595 1233 1767 1300 Robertum
1783 1230 2044 1306 divinaciemen·

430 1358 523 1421 raus,
547 1332 592 1402 Θ
616 1357 685 1402 tum
711 1355 775 1400 meo
798 1329 934 1425 Tipario
957 1329 1105 1424 piumbed
1123 1330 1187 1402 bui·
1288 1329 1336 1402 tia
1359 1349 1519 1399 annuente
1541 1327 1693 1402 Comitem
1716 1332 1924 1404 salernitani
1949 1336 2045 1406 Prin·

431 1438 467 1506 id
491 1432 614 1506 bullari
634 1431 800 1528 juffimus,
826 1437 929 1502 Anna
956 1430 1119 1502 Dominice
1139 1434 1187 1502 in·
1221 1439 1250 1511 Β
1286 1431 1435 1528 cipatus,
1467 1431 1505 1502 &
1542 1429 1737 1530 Privilegia
1773 1457 1872 1506 more
1909 1433 2046 1507 Princi-

433 1534 629 1610 carnationis
663 1536 894 1606 MLXXXIX.
937 1537 1081 1604 Dueatus
1117 1559 1192 1602 vera
1266 1545 1372 1630 ‘pum
1398 1529 1668 1607 concedentem.
1695 1536 1749 1606 En
1777 1533 1928 1608 Chartae
1955 1533 2045 1632 ipsas

433 1641 530 1730 nolirt'
552 1645 657 1710 Anno
683 1641 832 1728 Quarto,
859 1631 959 1727 mense
972 1634 1095 1724 Juiio,
1120 1658 1187 1704 con·
1287 1659 1331 1708 ex
1358 1630 1435 1734 ipso
1460 1631 1609 1708 Cavenfi
1634 1633 1824 1710 Coenobio
1850 1634 2044 1712 dedubias.

431 1761 573 1816 currente
596 1735 774 1812 indiiiiane
800 1739 878 1808 ΧΗ.

419 2035 422 2040 -
525 1973 725 2060 Roberrus
753 1971 904 2052 Comes
936 1963 1177 2082 principatus
1206 1961 1359 2054 Salerni
1392 1963 1539 2052 Alieno
1569 1971 1624 2062 Π.
1655 1965 1956 2086 Arehiepiscopo

742 2085 993 2172 salernitano
1020 2087 1160 2174 omnia
1192 2086 1295 2171 bona
1326 2085 1366 2166 81
1396 2085 1481 2194 jura
1509 2084 1741 2196 confirmat,

1101 2210 1226 2291 Anno
1260 2231 1387 2308 1090.

436 2441 522 2629 IN
545 2439 670 2515 nomine
696 2435 833 2512 Domini
852 2435 919 2510 Dei
942 2438 1043 2508 eterni
1061 2437 1105 2508 (y
1122 2439 1197 2510 sat.
1227 2435 1327 2510 C&
1357 2435 1495 2505 incultas
1530 2435 1563 2504 in
1595 2435 1800 2534 pertinentiis
1823 2443 1920 2510 Terre
1947 2437 2044 2527 nostre

510 2544 635 2618 nataris
652 2539 748 2627 nostri
764 2545 795 2632 J
797 2539 847 2622 eiu
869 2537 1009 2626 Cbrilii.
1034 2546 1138 2611 Anno
1155 2540 1198 2612 ab
1283 2537 1387 2608 Ebuii
1412 2534 1595 2626 exilientes,
1625 2537 1819 2630 sacrosaniio
1842 2539 2046 2612 Salernitana

436 2646 657 2720 incarnatione
681 2641 751 2734 ejus
776 2645 891 2712 MXC.
918 2639 1105 2734 temporibus
1130 2645 1196 2712 Do·
1282 2637 1557 2733 Arcbieprseopio‚
1585 2637 1619 2708 in
1642 2665 1705 2734 quo
1731 2644 1875 2713 Domnus
1898 2639 2047 2730 „bisancos

436 2749 520 2818 mini
545 2744 641 2832 assiri
667 2741 800 2837 Rogrrir'
829 2739 1044 2836 gloriafiffini
1069 2740 1196 2832 Ducis,
1283 2741 1445 2808 Secundus
1467 2737 1728 2836 Arcbiepissopus
1747 2741 1868 2836 praeli,
1888 2742 2047 2836 perbone

436 2845 538 2939 mense
553 2845 679 2938 junii,
716 2840 893 2912 indiiiione
918 2846 1013 2915 XIII.
1039 2843 1198 2914 Robertus
1287 2838 1428 2908 memorie
1466 2840 1640 2911 Dominum
1677 2841 1837 2932 Grsuisum
1869 2843 2047 2912 Secundum

436 2949 558 3020 divind
585 2945 749 3040 cienreatid
773 2963 931 3014 annuente
956 2955 1066 3014 Comes
1089 2943 1196 3016 Saiet-
1279 2937 1450 3034 gloriosum
1476 2941 1657 3038 Principem
1686 2943 1795 3038 gentis
1828 2943 2047 3039 langobardo·

437 3050 474 3123 ni
499 3047 723 3144 Principatus,
752 3042 849 3135 filius
881 3045 1039 3140 quandam
1064 3043 1199 3117 Domini
1286 3067 1355 3111 rum
1380 3041 1423 3110 Φ
1447 3041 1653 3138 Principatus
1672 3043 1823 3136 Salerni,
1848 3044 1964 3116 divine
1988 3043 2047 3116 mi·

436 3151 572 3222 Comitis
609 3145 821 3218 Guiiiieimi.
850 3143 984 3235 Jnflum
1008 3139 1066 3238 effe
1099 3145 1195 3216 creai-
1286 3139 1451 3226 [erationis
1469 3163 1549 3240 nutu
1568 3141 1625 3237 effe
1646 3149 1728 3218 data
1751 3165 1897 3241 perpetuo
1915 3147 1960 3217 O·
1976 3171 2047 3216 can·

436 3277 506 3322 mus
532 3251 577 3319 θ’
601 3246 788 3320 convenient
822 3245 962 3334 rationi,
997 3267 1035 3314 ut
1067 3271 1106 3317 ea
1139 3269 1199 3342 que
1281 3237 1381 3336 crffa,
1402 3241 1449 3315 ad
1468 3263 1572 3338 preces
1590 3243 1710 3340 prefati
1732 3245 1852 3318 Domni
1873 3245 2048 3342 osrcbiepi.

437 3347 587 3436 Ecciefiis
608 3347 696 3442 justa
720 3347 766 3416 θ
788 3345 847 3440 pia
873 3344 1046 3440 largitione
1071 3345 1194 3416 Princi-
1226 3339 1260 3410 D
1277 3343 1386 3438 jcopi,
1421 3343 1466 3412 (9¹
1492 3347 1647 3416 Domine
1672 3343 1773 3416 Gilie
1802 3342 1931 3416 dilecte
1963 3371 2048 3418 con·

435 3473 512 3550 pum
549 3451 595 3520 Θ
632 3447 789 3520 oblatione
819 3444 973 3537 fidelium
997 3447 1198 3536 conseruntur
1283 3443 1398 3544 juncis
1431 3441 1565 3533 nostre,
1600 3443 1646 3514 Θ·
1666 3463 1726 3538 pra
1748 3445 1917 3536 remiffione
1938 3465 2047 3540 perca·

435 3554 504 3644 eis,
537 3553 581 3624 ab
603 3551 749 3622 omnibus
772 3545 893 3634 curisti
920 3543 1076 3636 fidelibus
1092 3547 1194 3633 Jtabi·
1284 3567 1384 3614 torum
1412 3541 1601 3634 nostrorum,
1635 3563 1730 3640 atque
1764 3548 1803 3616 ab
1837 3543 2048 3616 reverentiam

436 3655 531 3726 litate
553 3673 704 3748 perpetua
727 3647 966 3740 conserventur.
1001 3651 1065 3718 Per
1088 3648 1143 3718 boc
1165 3675 1193 3718 e·
1283 3643 1370 3716 beati
1396 3644 1541 3714 Mattbei
1567 3643 1717 3741 Apostoli
1744 3645 1789 3716 (9·
1816 3643 2049 3740 evangeliste,

436 3753 505 3824 nim
529 3753 601 3822 vite
624 3773 728 3820 eterne
761 3746 921 3843 aquiritur
945 3749 1117 3838 meritum,
1151 3749 1198 3820 Θ
1281 3741 1372 3836 cujus
1395 3745 1538 3840 precibus
1570 3747 1660 3842 apud
1685 3751 1789 3818 Deum
1823 3748 1963 3844 quotidie
1990 3748 2051 3818 ad·

434 3873 493 3951 pro
517 3851 685 3926 animabus
707 3870 815 3920 eterna
823 3898 935 3922 ......
948 3867 1094 3945 perpetuo
1120 3876 1195 3922 com·
1280 3843 1459 3940 juvamur,
1487 3857 1527 3918 de
1551 3845 1695 3940 consensu
1720 3849 1765 3918 θ’
1790 3853 1957 3920 voluntate
1984 3852 2050 3921 Da·

434 3975 611 4053 parantur.
646 3956 701 4024 Ea
732 3970 860 4045 propter
892 3971 999 4020 notum
1023 3946 1081 4044 effe
1104 3953 1195 4023 voiu-
1285 3947 1368 4016 mini
1400 3948 1498 4034 moliri
1522 3948 1658 4045 Rogerii
1684 3949 1784 4021 Duris
1819 3949 1946 4030 incliti,
1980 3969 2050 4044 pre.

437 4081 507 4126 mus
520 4053 700 4151 perenniter
716 4048 894 4140 unmerfis,
919 4052 1004 4146 quod
1020 4076 1077 4122 nos
1095 4051 1194 4144 scien·
1260 4047 1440 4120 dinanum
1461 4049 1737 4146 Arcbiepiscopia,
1762 4049 1887 4146 ejusque
1910 4047 2051 4134 Pastori·

437 4175 509 4244 tes,
543 4155 659 4244 Casaie
688 4151 855 4225 Lr'ciniani
881 4177 949 4221 cum
976 4151 1120 4225 omnibus
1144 4154 1193 4224 bo·
1282 4153 1343 4221 but
1365 4172 1519 4246 quantum
1541 4159 1587 4224 ad
1611 4175 1667 4222 nos
1690 4151 1847 4246 pertinet,
1869 4144 2048 4245 paffenrus,

437 4256 575 4328 minibus
600 4255 646 4325 Φ
675 4252 880 4351 pertinentiis
899 4252 990 4344 suis,
1028 4274 1129 4326 terras
1151 4263 1197 4326 ad
1230 4241 1329 4335 Ess&
1359 4252 1534 4342 babemus,
1568 4252 1790 4348 congerimus,
1823 4255 1966 4340 damus,
2003 4250 2049 4318 θ’

436 4355 589 4432 Saniium
612 4362 740 4427 Perrnm
764 4355 805 4424 rie
829 4355 952 4446 Yboro,
976 4361 1108 4428 Portum
1127 4381 1196 4426 cum
1283 4369 1429 4446 perpetuo
1443 4351 1588 4449 predib'ia
1606 4352 1711 4424 omnia
1729 4349 1966 4444 confirmamus.
1996 4357 2050 4422 in·

436 4464 565 4532 Lunare
591 4459 635 4528 θ
659 4455 824 4552 paffagio,
860 4459 918 4526 bar
950 4455 1111 4526 cannitias
1139 4476 1199 4552 pro
1279 4452 1384 4550 super*
1398 4453 1592 4526 concedimus
1615 4455 1662 4524 θ’
1693 4457 1882 4524 mandamus
1903 4451 2049 4540 liatuen·
2149 4477 2160 4488 ·

272 4645 282 4662 ο
432 4559 572 4657 piscibus
595 4557 757 4653 capiendis
784 4557 818 4626 in
840 4555 952 4648 fluvio
976 4557 1119 4645 Sibaris,
1145 4576 1196 4630 at·
1287 4577 1354 4644 tes,
1388 4575 1427 4626 ut
1451 4579 1554 4626 omnes
1579 4553 1718 4626 bamines
1746 4554 1903 4650 presentes
1927 4554 1973 4624 θ
1992 4551 2050 4642 fu·

437 4688 494 4759 que
516 4679 615 4730 tatum
637 4659 841 4730 tenimentum
864 4681 933 4726 cum
957 4657 1053 4729 terris
1077 4658 1123 4728 Ο*
1136 4657 1196 4743 fii·
1284 4656 1352 4727 tuti
1377 4678 1444 4730 tam
1472 4657 1507 4728 in
1538 4655 1683 4754 predibia
1708 4659 1812 4744 nostra
1837 4663 1937 4728 Terra
1964 4657 2052 4726 Ebo-

436 4763 491 4834 'ois
507 4769 547 4832 de
571 4761 654 4850 iaco,
673 4761 730 4856 qui
753 4757 874 4830 dicitur
890 4761 1007 4848 Petra,
1027 4757 1197 4844 Ecciefiam
1288 4756 1337 4847 ii,
1371 4761 1467 4853 quim
1499 4758 1540 4828 de
1566 4757 1680 4849 caran·
1714 4755 1881 4828 Liciniani
1916 4751 2052 4850 Vaffaiii

434 4861 548 4935 santia·
574 4863 643 4933 Viti
663 4886 732 4930 cuns
749 4863 848 4930 Curta
864 4855 929 4951 sua
951 4859 996 4928 Θ
1019 4859 1133 4950 terris,
1161 4861 1195 4930 in
1288 4859 1526 4956 Arrbiepiscopi
1559 4860 1629 4956 sepe
1650 4857 1734 4930 ditis·
1757 4857 1961 4946 habitantes,
1982 4855 2054 4941 sint

433 4964 536 5034 eodem
561 4965 626 5034 ioco
648 4961 850 5048 existentem,
881 4985 935 5028 nec
959 4985 1020 5030 non
1047 4959 1093 5029 Φ
1115 4987 1193 5056 qua·
1291 4961 1324 5030 in
1358 4959 1502 5056 preditia
1526 4965 1629 5034 Terra
1662 4959 1765 5046 nelina
1791 4958 1909 5048 Eboli,
1938 4961 1983 5028 ri*
2017 4959 2052 5032 in

429 5065 524 5157 [dam
547 5065 644 5152 nir'as7
653 5057 867 5161 poffeffiones,
898 5061 944 5132 Θ
967 5079 1069 5134 terras
1092 5064 1197 5138 cuim
1266 5063 1272 5140 Ι
1281 5061 1489 5160 pertinentris
1505 5062 1578 5158 suis
1597 5080 1747 5160 perpetuo
1768 5059 1863 5132 biberi
1890 5061 1934 5131 O·
1959 5060 2053 5169 esem·

1948 5163 2003 5254 pti
