4622 6140
328 449 410 510 201

609 400 1129 498 nrssrrrarro
1191 397 1537 523 „quassa

1739 433 1822 497 οοο
1880 517 1882 523 ,

418 623 719 708 Sacramentum
749 605 1012 814 Ostioriorqrn
1043 605 1205 814 Ροῑοοὲἰς
1219 601 1422 696 Pontificio
1452 603 1745 718 Loteronenlis,

977 753 1059 814 οοο
1094 755 1142 814 11
1208 784 1221 812 .

272 943 361 1128 IN
381 938 507 1013 nomine
532 932 687 1010 Domini.
721 937 823 1006 Anno
853 927 1037 1002 Dominicae
1059 934 1097 1007 A
1123 923 1251 1000 Palatii
1281 925 1466 1024 praediHi,
1501 926 1547 998 θ
1580 923 1740 1012 Bafilieae
1773 916 1889 1002 Sanlli

347 1038 583 1117 incarnationis
617 1035 908 1108 Mctxxxuttt.
935 1037 1038 1104 asam

150 1121 153 1130 i
273 1145 383 1224 Primo
408 1141 621 1233 Pontificatus
641 1133 752 1209 Donni
782 1131 955 1204 Clementis
970 1137 1037 1204 Pa·

271 1267 337 1346 pae
362 1249 425 1320 Ill.
462 1239 636 1316 indiilione
670 1239 726 1310 l'l.
751 1233 852 1327 mense
876 1232 1038 1326 Ianuarii

277 1348 332 1422 die
358 1348 467 1420 XXII.
491 1335 750 1428 Adminislrante
771 1335 910 1408 Domino
926 1333 1039 1406 Ceneio

280 1449 394 1524 Donni
417 1451 525 1541 Papae
548 1438 748 1514 Camerario.
778 1443 852 1535 Ego
869 1438 957 1510 Belo
974 1441 1039 1508 Ca·

279 1552 429 1649 parianus
456 1541 556 1618 Prior
581 1538 835 1626 ostiariorum,
859 1539 903 1610 Θ
921 1546 1040 1612 Roma·

284 1678 346 1726 nus
369 1645 603 1742 redargutus,
639 1643 683 1712 (9·
709 1639 897 1730 Ranufius,
914 1645 945 1730 J
947 1643 1039 1712 ohan·

284 1779 339 1829 nes
362 1747 535 1846 Capsum,
563 1744 779 1831 Racancllus,
790 1747 821 1833 J
822 1741 958 1815 ohannes
980 1747 1043 1812 Bo·

1126 1028 1318 1118 Laurentii,
1345 1029 1390 1097 θ
1413 1026 1529 1101 senili
1552 1019 1723 1120 Silenslri,
1741 1027 1889 1120 fideliter

1100 1130 1244 1224 -sacianr
1283 1128 1319 1200 in
1351 1128 1428 1202 uita
1462 1129 1508 1200 Θ·
1540 1150 1637 1201 morte
1674 1137 1891 1204 Romanorum

1128 1229 1339 1326 Pontificum.
1374 1235 1450 1304 Non
1479 1229 1639 1324 surehor,
1677 1257 1775 1331 neque
1807 1234 1896 1308 diri·

1126 1334 1238 1432 piant,
1274 1357 1371 1430 neque
1395 1331 1584 1425 consentiam
1608 1359 1674 1405 meo
1694 1331 1778 1432 posse
1797 1336 1894 1430 s'urae'¹

1132 1435 1183 1528 ri,
1208 1435 1265 1507 uel
1287 1433 1391 1532 diripi
1414 1435 1455 1506 de
1479 1435 1666 1532 Reliquiis,
1701 1460 1805 1528 auro,
1839 1457 1896 1514 aru·

1128 1557 1249 1635 gento,
1271 1537 1426 1634 gemmis,
1449 1536 1586 1634 palliis,
1610 1539 1824 1630 ornamentis,
1850 1541 1895 1612 li-

1132 1639 1221 1730 hris,
1257 1640 1436 1729 chartulis,
1471 1637 1565 1730 oleo,
1595 1640 1756 1736 plumbo,
1786 1641 1895 1732 serre,

1133 1767 1223 1831 aere,
1249 1739 1438 1836 lapidibus,
1462 1739 1585 1834 portis,
1610 1740 1737 1838 lignis,
1773 1743 1895 1815 tabulis

278 1850 459 1943 stafilius,
493 1847 675 1944 Stephanus
699 1842 833 1934 Pictor,
867 1867 936 1916 curn
968 1841 1099 1921 aliicB
1135 1840 1233 1938 ipsius
1266 1841 1415 1930 Palatii,
1451 1842 1496 1910 (⁹¹
1528 1850 1705 1912 earumdem
1740 1843 1897 1928 Ecclesta.

278 1950 371 2048 sociis
396 1949 530 2041 nostris,
557 1945 716 2034 conslituti
741 1942 883 2018 Ostitrii
910 1943 949 2017 in
975 1945 1044 2021 La·

285 2050 454 2128 teronenfi
481 2048 621 2122 Palatio
634 2070 693 2144 per
710 2045 882 2118 Dominum
900 2051 1045 2142 Papam,

287 2157 330 2229 ah
354 2156 412 2228 hue
436 2155 512 2226 hora
539 2152 574 2220 in
599 2170 694 2220 antea
715 2146 830 2239 fidelis
863 2171 913 2216 ero
946 2145 1046 2218 cidem

230 2317 245 2340 .,
288 2263 402 2332 Donno
427 2261 558 2348 Papae,
579 2249 705 2346 suisque
730 2248 902 2320 Catholicis
925 2246 1044 2340 Succes-

285 2359 426 2451 sorihur,
454 2356 498 2426 Θ·
523 2350 680 2434 Ecclefiae
705 2358 892 2422 Romanae.
919 2355 992 2420 Non
1017 2374 1047 2419 e.

290 2483 324 2530 ro
346 2460 381 2532 in
402 2453 512 2551 sufflo,
546 2450 707 2543 confilio,
727 2451 783 2522 vel
816 2448 979 2541 consensu,
1013 2470 1051 2520 ut

291 2561 395 2634 uitam
416 2559 582 2656 perdant,
615 2554 672 2626 vel
696 2551 865 2648 capiantur
889 2551 976 2624 mala
1000 2577 1051 2622 ca·

288 2662 397 2760 priona
423 2661 492 2730 &n
517 2655 604 2732 ficut
629 2655 668 2729 in
697 2653 895 2752 juramento
922 2654 1048 2736 Romo·

293 2787 422 2840 norum
457 2756 683 2834 continetur.
720 2752 904 2842 Custodiam
937 2777 1054 2855 quoqne

1135 1969 1225 2034 rum,
1252 1942 1297 2013 (θ’
1322 1949 1536 2015 Romanorum
1561 1941 1773 2034 Pontificum.
1809 1951 1898 2018 Haec

1135 2044 1241 2116 omnia
1259 2042 1360 2138 juro:
1380 2043 1425 2112 (ν’
1449 2043 1615 2134 observabo
1636 2047 1831 2140 perbonam
1847 2046 1899 2138 fi.

1137 2148 1209 2220 dern
1235 2143 1308 2231 stne
1336 2143 1452 2235 sraude
1477 2143 1522 2216 (P
1546 2145 1630 2216 malo
1663 2144 1809 2243 ingenio.
1845 2151 1901 2220 Sic

1138 2275 1185 2320 me
1210 2253 1298 2320 Deus
1324 2247 1393 2322 (rc.

1189 2352 1300 2424 Porro
1324 2345 1496 2424 e'usmodi
1532 2344 1676 2422 ostiarii
1712 2346 1899 2422 Pontificii

1137 2449 1309 2524 Ordinem
1336 2375 1436 2526 luunt
1472 2448 1755 2540 constituebant,
1790 2474 1898 2548 quern

1137 2552 1282 2624 Scholam
1307 2551 1531 2650 appellabant
1557 2550 1668 2626 olim.
1688 2550 1798 2650 idque
1817 2575 1902 2624 corr·

1139 2651 1241 2728 trabit
1266 2680 1311 2726 cx
1338 2656 1447 2729 altero
1473 2651 1628 2743 Charta,
1652 2677 1759 2750 quam
1778 2679 1823 2729 ex
1841 2678 1902 2728 co·

1138 2754 1218 2832 dem
1246 2753 1391 2857 Regestn
1416 2759 1525 2830 MSto
1551 2752 1748 2855 depromsr.

290 3091 293 3100 A
330 2985 473 3078 Cencii
501 2985 719 3076 camerarii
749 2965 958 3080 Ροοοίίὶοἱῖ
976 3013 1248 3112 praeceptum,
1277 2989 1381 3107 qnod
1412 2987 1575 3079 ostiarii
1604 2991 1653 3080 de
1683 2991 1873 3086 mandato

627 3109 842 3198 Camerarii
873 3112 1017 3198 debent
1047 3113 1142 3200 ostio
1173 3109 1341 3198 fideliter
1370 3109 1581 3202 custodito.

838 3227 1009 3320 Circiter
1038 3237 1204 3318 Annum
1240 3258 1366 3340 1¹91·

384 3468 432 3536 Go
456 3463 588 3537 Cercius
613 3463 815 3538 Camerarius
836 3486 980 3564 exparte
999 3471 1060 3540 Do·
1090 3466 1203 3556 Clo,
1229 3461 1291 3548 nisi
1314 3465 1352 3535 de
1377 3467 1528 3538 mandate
1552 3466 1747 3541 Camerarii.
1774 3473 1823 3538 Et
1845 3491 1907 3536 non

410 3565 492 3637 mini
516 3573 623 3663 Papae
643 3567 803 3662 praecipio
826 3568 918 3640 vohis
953 3569 1060 3642 ostia·

306 3668 392 3754 riis,
428 3687 466 3738 ut
489 3671 599 3740 amodo
624 3670 828 3740 ebdomadam
854 3668 888 3738 in
913 3671 983 3751 vice
1008 3697 1060 3742 ve-

1147 3587 1252 3638 teneat
1278 3567 1385 3640 claves
1406 3565 1564 3651 Bafilr'cae
1580 3567 1696 3640 saneti
1714 3563 1908 3655 Laurentii,

1149 3668 1194 3738 θ’
1218 3666 1367 3758 Palatii,
1394 3665 1457 3753 nist
1481 3666 1652 3744 ostiarius
1672 3668 1832 3766 juratus.
1921 3709 1924 3718 ·

301 3765 371 3854 sira
390 3767 628 3858 sacieris-'vel
645 3767 680 3854 fi
698 3767 819 3862 justam
844 3771 1065 3863 excusationem
1201 3767 1531 3862 Animaduerteris‚
1551 3769 1794 3846 Camerarium
1817 3770 1911 3841 Pon·

310 3867 509 3960 habueritis,
534 3869 742 3968 unusquisque
765 3870 903 3957 ueslrurn
927 3875 1065 3945 commit·

1152 3868 1306 3944 tificinm
1348 3868 1528 3968 praefuisse
1562 3871 1749 3962 Ostioriis,
1785 3869 1912 3968 eosque

310 3988 362 4042 tat
385 3970 588 4044 ebdomadam
613 3971 672 4042 uni
695 3973 735 4042 de
754 3972 848 4062 saeris
881 3973 994 4060 veslris
1018 3978 1065 4048 0·
1152 3967 1214 4044 suo
1240 3967 1380 4044 funsios
1414 3997 1557 4044 munere
1592 3972 1688 4046 statis
1722 3970 1913 4046 hebdomo·

310 4067 457 4146 ssiariis.
484 4077 534 4144 Et
557 4069 696 4144 venietis
729 4074 774 4144 ad
801 4071 984 4163 saciendum
1003 4075 1067 4167 ser.

1153 4068 1235 4162 dis,
1261 4089 1367 4168 atque
1393 4069 1534 4166 insuper
1559 4091 1653 4146 certa
1687 4070 1787 4146 fuisse
1823 4091 1914 4146 tem·

309 4169 430 4242 vitium
456 4171 594 4246 Domino
627 4179 736 4268 Papae
771 4173 805 4244 irr
841 4175 906 4270 ipso
939 4178 1071 4250 Palatio
1154 4197 1259 4272 pora,
1299 4171 1428 4268 quibus
1454 4169 1582 4246 eisdem
1611 4172 1776 4249 comestio
1810 4174 1916 4249 dabo·

310 4299 378 4344 cum
399 4273 494 4363 socir's
517 4271 631 4360 veslris
664 4274 807 4346 onmihus
833 4276 867 4346 in
892 4274 1069 4371 Assumtio·

1154 4290 1213 4348 tur
1239 4275 1258 4347 i
1285 4277 1435 4348 Camerc
1462 4271 1670 4350 Pontificis.

313 4400 350 4444 ne
374 4371 513 4446 sanstae
537 4373 669 4448 Mariae
695 4396 754 4470 pro
788 4375 982 4462 euslodr'mdo
1006 4385 1071 4452 Pa·
1096 4375 1130 4444 D
1206 4374 1482 4471 Imperatoribus
1521 4374 1650 4451 itidem
1689 4376 1761 4454 suit
1795 4375 1916 4452 auehi·

310 4473 412 4564 latio,
441 4473 475 4544 in
494 4477 683 4548 Nativitate
701 4478 836 4548 Domini
845 4478 911 4566 ,'r'n
930 4478 1072 4574 Pascha,

313 4575 359 4646 θ
383 4573 480 4648 etiam
506 4575 540 4644 in
564 4577 618 4648 die
630 4578 735 4668 Jouis
751 4578 895 4668 Sanlli,·
912 4579 957 4650 (θ’
973 4605 1073 4677 quan·

1152 4478 1359 4551 cancellarius
1393 4501 1514 4568 unus,
1551 4479 1589 4551 ἃ
1626 4481 1741 4578 plures
1777 4477 1838 4551 sub
1872 4491 1916 4550 eo

1153 4579 1368 4666 Cancellarii,
1395 4579 1458 4676 qui
1484 4580 1518 4652 &
1547 4581 1700 4670 Notarir',
1723 4581 1759 4652 ἀ
1779 4577 1918 4649 Chartu·

311 4677 511 4793 donumque,
546 4677 590 4745 θ’
623 4679 887 4778 qualitercumque
916 4682 1074 4778 placuerit
1153 4680 1232 4754 larii
1257 4681 1450 4778 appellati:
1480 4678 1523 4754 de
1549 4681 1678 4779 quibus
1703 4680 1821 4752 nullus
1848 4676 1916 4753 mi·

311 4783 520 4867 Camerarro,
557 4777 613 4872 qui
647 4779 708 4848 erit
737 4801 797 4876 per
829 4803 990 4880 tempora.
1026 4790 1075 4857 Et

304 4877 429 4974 semper
454 4877 488 4948 in
514 4877 677 4950 vocatione
700 4884 948 4956 camerariorum
980 4886 1071 4958 habe.

314 4979 390 5050 hitis
415 5005 518 5052 menes
542 4977 771 5068 comestionem.
798 4987 846 5054 Et
872 5012 932 5056 non
957 4987 1070 5057 hahea-

311 5077 359 5176 tit
380 5079 560 5173 poteslatem
585 5081 709 5158 mittere
741 5083 880 5182 aliquem
905 5086 940 5156 r'n
967 5084 1071 5163 Scito·

1139 4775 1195 4858 'rht
1220 4779 1333 4855 sermo
1359 4778 1496 4857 futurus
1521 4779 1593 4871 est,
1627 4804 1737 4879 quum
1767 4775 1919 4879 ejusmo-

1158 4883 1196 4956 di
1222 4907 1365 4958 munero
1393 4909 1464 4958 οοο
1492 4881 1611 4956 minuo
1635 4877 1778 4954 vetustis
1809 4905 1918 4979 quarn

1159 4984 1281 5062 nostrie
1312 4984 1530 5086 temporibus
1567 5003 1651 5059 noto
1685 5007 1726 5056 nc
1754 4979 1919 5058 florentin

1158 5085 1386 5177 intueamur,
1425 5087 1461 5158 &
1494 5081 1619 5186 patin
1653 5103 1839 5261 occrqqrant
1878 5082 1919 5158 in

1764 5211 1869 5288 egon
