4626 6152
470 416 559 530 '487

793 415 1180 534 Anttourr.
1221 414 1443 506 maort
1476 411 1652 504 Art!

1891 421 1977 530 488

410 531 529 606 thl.
558 523 614 606 ull
640 533 774 610 Lillius
800 533 956 624 censuit,
985 533 1040 608 sed
1072 537 1177 638 longe
1205 539 1241 612 A
1271 535 1367 610 de&
1390 539 1540 610 alterum
1567 532 1741 610 Placitum
1763 559 1840 636 pag.
1863 543 1950 634 982.
1974 535 2038 612 hai

411 631 544 724 setius,
581 637 768 722 Bonifatius
804 634 864 708 ille
906 638 1103 729 Spoletania
1142 641 1177 712 δι

413 734 642 812 Camertibus
663 736 870 834 imperarit,
889 736 993 834 eique
1013 741 1180 815 successor

413 837 515 912 datus
535 835 644 910 fuerit
660 841 770 910 Anno
792 841 1062 917 DCCCCLIV.
1081 847 1179 914 Theo·

415 942 531 1014 baldus
556 936 678 1036 junior
705 940 779 1040 ejus
807 938 926 1015 filius.
955 941 1032 1017 Post
1060 944 1178 1020 Theo·

416 1040 558 1114 baldum
585 1038 712 1128 illum,
737 1061 798 1115 aut
824 1040 954 1134 scrius,
978 1045 1111 1121 rexisse
1128 1047 1179 1120 ti·

414 1141 517 1216 detur
546 1145 724 1218 Ducatum
760 1148 991 1222 Sooletanunt
1017 1151 1052 1222 Sc
1083 1150 1174 1222 Mar·

415 1243 533 1318 chiam
558 1245 745 1320 Camerini
768 1249 1008 1338 Transmundur
1034 1255 1117 1324 Dux
1138 1252 1181 1322 0

415 1347 585 1436 Marchio,
614 1349 714 1449 cujus
748 1349 886 1424 mentio
911 1352 957 1424 est
993 1351 1031 1424 in
1058 1377 1179 1426 mono»

1271 638 1389 712 bitum
1414 641 1531 712 Anno⁴
1561 641 1903 714 nccccuttvtu.
1930 647 2033 711 Arm

1271 739 1629 838 Pundulfi'l'rittcipir,
1656 741 1774 831 Duria,
1802 741 2032 813 cut-numme.
2107 745 2118 756 “

1270 844 1343 933 nir,
1358 849 1503 916 uocatus
1517 841 1585 932 ejus
1600 844 1728 931 Ptitno,
1744 841 1867 918 Mense
1882 842 2028 942 Aprili:
2085 871 2087 878 ’

1269 945 1327 1018 cui
1353 941 1527 1018 intersunt
1552 943 1751 1044 Episcopus¹
1770 944 1975 1035 Firmanus,
1995 971 2033 1019 a·

1271 1047 1385 1144 lilque
1397 1046 1556 1148 ejusdem
1572 1053 1597 1120 F
1601 1047 1756 1147 irmanae
1773 1045 1959 1120 Marciae.
1976 1047 2032 1122 Ex

1270 1175 1341 1244 quo
1360 1147 1563 1249 intelligas,
1581 1153 1691 1222 Anno
1709 1151 2032 1222 nccccurtvtt.

1272 1249 1487 1325 Pandulsutn.
1518 1251 1673 1354 coepisse.
1705 1249 1884 1324 dominati
1912 1251 2032 1350 Spole·

1271 1371 1331 1440 to,
1359 1371 1419 1426 aut
1456 1351 1579 1427 saltent
1613 1349 1788 1428 Marthae,
1818 1350 1931 1425 Firmi
1962 1349 2031 1426 lite

415 1449 547 1524 mentis
565 1450 744 1524 Coenobii
768 1450 957 1536 Fatfcnfis,
977 1455 1013 1525 dc
1033 1455 1176 1530 Vultur·
1209 1467 1241 1537 Β
1269 1454 1472 1529 Camerini.
1501 1455 1593 1532 Vide
1620 1453 1830 1528 &tertium
1854 1454 2030 1527 Placitum

415 1547 546 1626 nenliS.
576 1563 617 1626 ln
640 1552 774 1626 Chatta
799 1553 930 1654 quippe
951 1555 1179 1648 ,volturnenfi

415 1651 544 1750 scripta
571 1656 683 1728 Anno
711 1657 823 1728 Mill.
849 1683 927 1756 pag.
951 1661 1040 1752 498.
1067 1658 1177 1733 Chro-

416 1753 490 1828 nici
515 1758 671 1830 occurrit
694 1757 935 1844 Trorlmurtdus
958 1765 1068 1832 Comes
1084 1759 1179 1851 filios
1206 1803 1208 1808 ·

416 1857 574 1954 quondam
593 1859 831 1944 Transmundi,
852 1865 930 1934 Dux
953 1862 1000 1931 (9¹
1016 1863 1181 1934 Marchio.

415 1961 511 2058 Ergo
540 1963 622 2032 Dux
658 1959 721 2034 iste
749 1957 866 2035 senior
899 1959 974 2036 sato
1001 1963 1072 2062 jam
1103 1961 1176 2036 sun·

415 2059 493 2134 ilus
534 2059 672 2135 suerat.
714 2065 757 2136 In
797 2065 974 2164 Catalogo
1013 2063 1180 2138 Farsenfis

414 2162 622 2238 Monalletii
647 2171 733 2264 pag.'
745 2189 829 2262 304
844 2183 1060 2238 memoratur
1076 2173 1174 2237 Troo·

410 2263 565 2357 [mundns
600 2270 699 2356 Dux,
727 2293 767 2340 ac
798 2293 890 2365 pone
925 2265 1081 2365 sequitur
1108 2277 1181 2338 Otto

417 2367 546 2440 Primus
556 2372 750 2464 Imperator,
765 2367 816 2443 ita
832 2387 871 2442 ut
886 2367 916 2442 is
928 2368 1177 2464 videaturSpo·
1206 2366 1236 2438 C

416 2469 492 2543 leto
517 2468 699 2564 praefuisse
719 2489 801 2546 ante
822 2475 971 2544 Annum
995 2473 1173 2546 DCCCC·

417 2573 536 2646 Lllll.
576 2588 637 2644 aut
678 2568 800 2646 saltem
833 2575 969 2646 Ottone
1006 2576 1036 2646 1.
1071 2572 1178 2672 impe·

417 2688 554 2760 rante,
604 2669 754 2746 sortaslis
799 2671 906 2772 usque
950 2673 994 2748 ad
1033 2678 1178 2749 Annum

417 2774 746 2848 Dccchxvtt.
772 2773 846 2869 Qui
873 2773 911 2848 in
939 2801 980 2848 eo
1004 2779 1180 2876 Catalogo

417 2875 521 2948 Dotis
545 2875 580 2950 δι
601 2876 813 2950 ‘Maerrbirttir
847 2875 959 2952 titulo
983 2897 1180 2969 ornantur,

414 2975 445 3050 ii
483 2977 672 3073 Spoletano
710 2978 888 3071 Ducatui,
923 2981 959 3053 dc
997 2979 1180 3054 Matthiae

396 3076 558 3176 firmi,
594 3077 652 3154 seu
686 3081 870 3155 Camerini
907 3079 1088 3182 imperalse
1122 3081 1174 3155 de·

417 3178 700 3276 prehenduntur.
721 3185 769 3254 Et
795 3181 874 3256 sane
898 3207 975 3280 pag.
999 3205 1084 3279 325.
1108 3183 1177 3283 eju·

417 3279 511 3353 sdem
539 3278 712 3354 Chronici
751 3280 919 3356 farfensis
944 3284 1182 3374 Transmoodus
1208 3289 1242 3358 D
1269 3299 1420 3354 mortem
1447 3279 1568 3368 suam,
1604 3307 1715 3379 quam
1738 3279 1925 3380 contigisse
1950 3283 2028 3352 An·

420 3387 500 3456 Dra
525 3382 569 3452 Θ·
595 3383 742 3455 Matthia
777 3383 879 3458 litem
918 3381 1093 3458 diremisse
1129 3383 1177 3458 di·

414 3481 509 3558 citur
544 3481 759 3582 spellantem
790 3485 833 3559 ad
875 3487 1069 3560 Cmnitatum
1105 3487 1176 3557 Fir·

418 3611 566 3658 monum.
605 3591 660 3658 lta
694 3585 784 3671 apud
820 3591 962 3682 Lupum
999 3585 1179 3682 Protospa-

417 3701 491 3756 tatn
508 3687 546 3758 in
563 3684 750 3760 Chronico
770 3685 812 3760 od
828 3690 974 3759 Annum
993 3689 1179 3762 DCCCC·

417 3787 571 3860 Lllllll.
601 3785 763 3882 pugnasse
790 3785 942 3859 traditur
965 3787 1051 3876 Allo
1074 3787 1087 3884 (
1099 3785 1179 3862 scri·

419 3885 462 3958 be
487 3887 598 3983 ostro)
618 3884 716 3978 filius
746 3886 990 3974 transamundi
1011 3889 1182 3977 Morcbisti

416 4015 484 4064 oum
510 3988 729 4086 quadraginta
754 3991 898 4062 millibus
923 3997 1166 4065 Saracenorum.

467 4089 644 4190 Opinatus
671 4091 781 4166 etiam
817 4090 893 4165 fuir
913 4093 1093 4167 Camillus
1119 4097 1179 4167 Pe·

341 4215 343 4222 ’
417 4191 592 4292 ‘tegrinitts
617 4195 816 4283 Pardulfattt
852 4213 1091 4288 cognomento
1115 4201 1173 4266 Co-

413 4298 662 4389 pti-Ferreum,
678 4293 878 4393 Principem
898 4298 1094 4394 Capuae&
1115 4298 1179 4370 Bc·

417 4393 585 4484 neuenti,
607 4399 724 4468 Dotem
749 4421 890 4494 quoque
915 4398 1037 4494 Spoleti
1059 4400 1094 4471 δι
1111 4383 1198 4558 (ἕω,

415 4499 533 4572 metiri
562 4497 780 4568 Marabioorm
814 4498 1041 4573 constitutum
1079 4499 1180 4573 fuisse

416 4598 559 4675 circiter
571 4603 715 4673 Annum
727 4597 858 4673 Christi
876 4603 1177 4677 occchtttx.

414 4703 502 4802 Ejus
538 4701 732 4777 sententiae
762 4697 958 4775 subscribo.
994 4709 1037 4777 In
1068 4703 1170 4776 Addi-

415 4804 584 4878 tamentis
624 4804 667 4876 ad
707 4801 915 4877 Chronicon
953 4801 1178 4880 Casautiense

415 4931 490 5005 pag.
517 4928 604 5004 954.
632 4905 808 4978 Placitum
837 4905 988 5000 produxi
1015 4905 1175 4982 habitunt

411 5007 450 5082 in
481 5033 565 5100 agro
592 5007 749 5080 Firmano
774 5009 792 5076 b
820 5009 982 5094 Pondulso
1019 5013 1106 5080 Dure
1134 5009 1178 5076 θ

412 5109 599 5185 Mamoimr
623 5111 734 5200 Anno
761 5111 1087 5188 DCCCGLllVlI.
1114 5107 1177 5180 Vi·

1248 1573 1344 1654 pag.
1387 1559 1472 1652 962.
1509 1559 1551 1628 ab
1585 1583 1629 1629 eo
1670 1555 1883 1629 celebratum
1920 1559 2030 1630 Anno
2128 1597 2133 1607 ·

1273 1655 1552 1732 DCCCCLXX.
1575 1661 1613 1730 t‘rt
1633 1658 1806 1730 Tenltorio
1828 1656 2029 1739 Matficono.

1269 1762 1315 1830 ln
1349 1760 1472 1833 eodem
1509 1761 1683 1831 Territrtio
1713 1758 1810 1832 aliud
1852 1756 2028 1832 Placitum

1279 1865 1376 1932 lnno
1394 1863 1736 1936 nccccuxvttt.
1752 1858 1918 1934 habuerat
1933 1859 2027 1934 idem

1271 1961 1480 2050 Pandulsus,
1509 1961 1561 2036 uti
1599 1961 1729 2036 constat
1764 1987 1811 2034 ex
1844 1959 2028 2034 Clrronico

1271 2063 1498 2137 Vulturnenst
1533 2068 1629 2136 Part.
1662 2067 1709 2136 ll.
1744 2067 1853 2138 Tom.
1880 2066 1910 2135 1.
1951 2068 2028 2138 Rer.

1272 2167 1423 2238 ltalicar.
1460 2187 1537 2264 pag.
1562 2189 1649 2260 441.
1678 2165 1806 2238 Itidem
1841 2163 1879 2237 in
1909 2162 2029 2238 Histo-

1269 2266 1321 2340 ria
1347 2267 1532 2362 Anonymi
1560 2265 1769 2340 Salernitani
1796 2265 1892 2338 edita
1918 2266 1937 2334 l
1963 2267 2028 2338 Pe.

1267 2368 1444 2468 regrinio,
1471 2373 1579 2443 Tom.
1608 2371 1635 2442 1.
1664 2373 1742 2441 Rer.
1770 2367 1922 2438 ltalicar.
1947 2391 2025 2465 pag.

1270 2495 1353 2564 301..
1369 2469 1551 2560 Pardolsttr
1567 2469 1663 2544 idem
1676 2468 1839 2566 Princeps
1862 2493 1930 2538 trtm
1944 2469 2027 2538 mul·

1267 2573 1415 2642 titudine·
1444 2572 1627 2668 Spoletini,
1668 2595 1730 2644 nec
1766 2595 1837 2642 non
1872 2570 1911 2642 δε
1943 2593 2026 2642 cum

1269 2671 1330 2746 suo
1358 2675 1517 2765 Populo,
1545 2671 1797 2771 Neapolitanis
1818 2672 1953 2744 bellum
1971 2672 2027 2745 in·

1269 2775 1375 2848 tulit.
1402 2779 1462 2848 Eo·
1483 2773 1565 2848 haec
1592 2771 1713 2847 omnia
1740 2772 1959 2863 collineant,
1986 2789 2026 2846 ut

1267 2873 1512 2974 agnoscamus,
1538 2877 1740 2966 Pardulfum
1755 2867 2026 2972 Caput-Ferreum

1268 2979 1468 3075 Spoletania
1505 2979 1542 3049 dt
1580 2977 1814 3052 Camertibus.
1848 2973 2026 3074 imperalia
2080 3007 2081 3010 ¹

1267 3079 1309 3150 ab
1340 3083 1449 3152 Anno
1488 3077 1816 3154 nccccuxvtt.
1850 3075 2026 3175 usquead

1272 3181 1554 3256 Dccchxtt.
1589 3183 1624 3254 δε
1661 3179 1804 3254 forsitan
1840 3177 1947 3274 usque
1984 3177 2027 3251 ad

1269 3407 1314 3454 no
1344 3386 1677 3460 Dccccuxxtt
1705 3379 1894 3454 notinrua.
1928 3383 2026 3473 Qua·

1268 3509 1304 3556 te
1339 3485 1415 3556 Sito
1444 3485 1680 3580 spolitinorum
1709 3489 1822 3554 comer
1853 3481 1898 3553 ab
1925 3483 2026 3552 Ano·

1269 3611 1379 3677 numo
1390 3583 1614 3660 salernitano
1622 3581 1665 3656 ad
1680 3587 1824 3656 Annum
1840 3581 2025 3656 DCCCC·

1271 3689 1401 3760 Lxlx.
1437 3703 1652 3760 memoratus
1687 3703 1779 3782 part.
1801 3707 1841 3782 7.
1866 3707 1963 3757 num.
1991 3703 2027 3777 ς.

1270 3787 1446 3861 Historiae
1481 3787 1645 3862 editael
1679 3787 1906 3887 Peregrinio,
1943 3789 2027 3880 Spo·

1269 3891 1404 3962 letanae
1431 3893 1571 3962 tantum
1597 3888 1773 3964 Ciuitatis
1800 3891 1933 3964 Comes
1958 3885 2028 3962 sive

1271 3989 1400 4062 Redlor
1434 3989 1569 4081 suerit,
1606 4017 1677 4064 non
1707 3995 1792 4063 verb
1821 3995 1842 4058 S
1893 3991 2027 4061 letaoo·

1269 4119 1345 4166 rum
1370 4095 1474 4164 Dux.
1497 4096 1546 4164 Et
1565 4091 1715 4166 fortassis
1734 4091 1799 4165 ille
1817 4013 1910 4162 idom
1931 4086 2023 4178 fuit,

1203 4192 1233 4262 E
1267 4194 1329 4290 qui
1357 4192 1396 4265 in
1433 4193 1575 4266 Placito
1608 4187 1850 4266 Vulturnensrs
1886 4193 2027 4262 Coeno.

1268 4295 1319 4367 liii
1347 4319 1424 4396 pag.
1450 4320 1537 4390 443.
1563 4293 1687 4367 habito
1706 4298 1815 4365 Anno
1841 4291 2027 4365 DCCCC·

1267 4399 1379 4470 Lxx.
1415 4398 1450 4468 itt
1485 4397 1656 4469 Tetricort'o
1689 4393 1873 4476 Marficano
1907 4417 2026 4466 coram

1268 4503 1403 4572 Otrone
1431 4503 1567 4598 Magno
1598 4501 1838 4584 Imperatore,
1874 4499 1909 4567 δι
1940 4495 2028 4567 Pan.

1269 4599 1370 4674 dulso
1404 4600 1589 4698 Principe,
1627 4599 1748 4686 Duce,
1784 4600 1818 4671 δι
1846 4594 2027 4669 Marchio-

1268 4727 1333 4792 ne,
1369 4703 1567 4802 appellatur
1590 4701 1663 4774 sico
1687 4701 1834 4773 Matcbio
1853 4697 1938 4790 sarri
1962 4702 2027 4767 Po·

1268 4804 1368 4894 latii,
1396 4829 1467 4876 non
1496 4809 1585 4878 tero·
1606 4803 1868 4902 Spoletinorum
1896 4803 2027 4874 Comes

1271 4925 1331 4980 aut
1368 4903 1554 4980 Marchio.
1593 4901 1766 4978 Pandulso
1797 4904 1815 4972 ὲ
1842 4899 1938 4972 vittis
1956 4899 2028 4974 ,su-

1271 5009 1368 5081 blato
1394 5007 1546 5081 traditus
1572 5007 1713 5080 videtur
1738 4995 1831 5098 (nili
1870 5003 1948 5076 heic
1975 5005 2029 5076 lo·

1271 5111 1397 5185 cussit
1425 5111 1558 5186 dandus
1583 5105 1803 5199 Transmoodo
1829 5103 1929 5202 supra
1958 5130 2029 5180 rne-

1863 5233 1978 5284 mora·
