4560 6146
431 371 536 426 xrur

379 452 488 536 rebus
517 485 540 537 e
567 450 691 538 trivio
727 449 864 570 petitis
892 447 1166 552 redundantes,⁴
1205 471 1249 532 ut
1279 443 1376 532 malr
1404 442 1452 532 de
1481 447 1609 564 typis,
1645 473 1689 530 eo
1716 445 1764 533 de
1801 437 1996 568 republiei

380 595 596 673 mereatur,
626 573 696 685 qui
725 602 784 657 eos
811 569 964 656 educere
993 570 1035 652 in
1063 567 1184 652 lucem
1213 566 1337 652 velit.
1447 641 1451 647 .
1982 577 1987 596 ¹

500 694 637 802 Itaque
673 687 902 806 perspiciens
931 682 984 770 Θ·
1013 716 1105 802 ego,
1145 714 1190 768 aa
1219 677 1294 798 esse
1330 707 1463 768 vetera
1495 681 1728 792 Tabularia‚
1768 716 1813 768 eu
1852 684 1989 799 quibus

380 804 467 922 plus
493 803 674 924 praesidii
701 802 935 922 sperandum
967 800 1025 919 sit
1055 801 1273 914 instituenti
1303 801 1377 940 iter
1403 825 1473 937 per
1502 799 1743 940 Eruditionis
1775 805 1886 902 buius
1913 833 1998 919 nore·

374 919 549 1158 lm,
571 943 1332 1156 rmummissuram:
1359 920 1780 1154 lutosus
1801 924 2008 1128 mut

386 1160 532 1268 ultre,
569 1190 728 1272 quorum
756 1181 823 1276 ope
851 1159 982 1272 aliqua
1017 1182 1105 1273 pars
1144 1151 1361 1266 buiusmodi
1398 1155 1641 1239 Eruditionis
1679 1158 1829 1243 meliori
1859 1161 1901 1244 in
1929 1160 1999 1245 lu··

386 1277 491 1362 mine
519 1278 693 1363 collocari
718 1274 862 1401 poffit‚
900 1272 1104 1390 descripsi,
1145 1269 1270 1386 iisque
1308 1270 1360 1358 ad
1397 1271 1498 1384 istud
1531 1271 1746 1386 aedificium
1782 1279 1992 1385 eonslruen·

386 1394 478 1484 dum
499 1390 590 1503 sunt
620 1390 731 1504 usus.
760 1395 895 1477 Multa
922 1394 1039 1477 etiam
1069 1389 1276 1508 impetravi
1304 1388 1352 1474 ab
1380 1390 1534 1476 amicis.
1572 1396 1775 1478 Praeterea
1804 1391 1992 1507 quidquid

388 1511 432 1597 in
462 1511 593 1597 MStit
621 1509 823 1614 codicibus
851 1509 1105 1627 deprehendi,
1145 1510 1232 1592 buic
1271 1505 1342 1622 ipsi
1371 1505 1598 1625 ampliffimo
1626 1535 1845 1623 argumento
1874 1504 1993 1618 affine

388 1656 459 1717 aut
487 1629 605 1736 utile,
634 1625 706 1712 buc
736 1627 951 1735 derivavi;
977 1626 1048 1742 spe
1076 1625 1207 1711 dublus
1235 1656 1309 1710 non
1337 1625 1443 1735 levi,
1467 1621 1576 1734 soce,
1606 1651 1650 1709 ut
1678 1630 1876 1712 Leblorum
1901 1649 1993 1743 gra·-

389 1749 488 1833 aiam
518 1747 682 1852 inirent,
721 1746 821 1861 quad
857 1770 917 1831 tor
955 1745 1120 1830 nondum
1159 1742 1263 1828 edita
1303 1743 1568 1857 Antiquitatis
1600 1738 1769 1856 srusla,«
1787 1746 1830 1828 in
1868 1776 1993 1830 corum

391 1894 539 1981 quoque
578 1860 710 1978 usum,
750 1895 777 1960 e
811 1861 970 1972 vetuslir
1006 1857 1059 1945 (θ’
1096 1863 1194 1946 tetro
1233 1851 1478 1967 difficillimis
1514 1862 1739 1946 membranis
1776 1864 1995 1972 adnuerint,

392 2009 574 2186 2332le
606 1975 1102 2185 balbi'bn‘llzb
1131 1979 1253 2198 :bb
1280 1977 1995 2210 ‘bill'lsspglr‘slznb'lzl‘

393 2247 536 2304 morum
574 2217 692 2302 medii
729 2217 844 2302 aevi.
882 2219 1000 2340 Quae
1035 2216 1182 2323 omnia,
1220 2155 1293 2298 ni‘r
1323 2243 1383 2298 me
1419 2243 1520 2297 meus
1549 2245 1653 2298 amor
1681 2211 1825 2329 sallia,
1854 2217 1893 2330 fi
1923 2243 1997 2304 non

395 2337 546 2422 omnino
583 2336 817 2450 exprimere,
850 2333 992 2445 saltem
1028 2332 1249 2418 adumbrare
1287 2362 1361 2416 non
1391 2330 1532 2418 leviter
1563 2325 1718 2450 possunt
1747 2336 1886 2420 ltaliae
1913 2365 2002 2419 oon·

396 2455 577 2547 ditionem
616 2483 660 2536 ac
688 2451 867 2564 siarum,
909 2451 998 2534 dunt
1040 2481 1157 2536 mores
1195 2449 1437 2563 viguerunt,
1478 2478 1569 2562 quos
1608 2450 1830 2536 Barbaricas
1870 2451 1915 2538 ed
1953 2451 2001 2539 dr

396 2569 524 2680 caused
551 2570 742 2686 appellere
778 2564 1065 2680 consuevimus,
1103 2565 1203 2680 quod
1239 2566 1370 2652 collati
1405 2596 1488 2648 cum
1526 2565 1796 2680 elegantia&
1832 2571 2000 2656 doiirina

396 2694 517 2779 trium
545 2688 784 2774 Saeculorum
811 2688 980 2802 peorime
1005 2687 1318 2802 praeteritorum,
1349 2682 1557 2768 barbariem
1581 2681 1775 2802 praeserre
1801 2689 1906 2774 nobis
1936 2692 2003 2772 vi·

397 2809 605 2900 diemaro

421 2995 423 3000 .
513 2930 650 3036 Atque
678 2922 762 3009 beic
790 2920 931 3008 multae
960 2919 1059 3007 mibi
1098 2919 1285 3036 agendae,
1325 2915 1586 3034 babeudaeque
1618 2920 1716 3032 sunt
1741 2924 1893 3040 gratiae
1922 2933 2004 3010 No·'
2072 2905 2077 2912 ¹

398 3043 537 3132 bilibus
569 3041 671 3126 Viris
712 3037 837 3126 Sociis
876 3035 1063 3126 Palatinis
1105 3034 1491 3146 Mediolanenfibm,
1527 3039 1596 3152 qui
1623 3039 1796 3152 studium
1825 3075 1915 3157 erge
1944 3075 2003 3131 nte

390 3162 509 3278 suum
538 3159 650 3244 novis
678 3159 917 3242 cumularunt
947 3157 1157 3272 beneficiis.
1190 3157 1264 3240 Vite
1293 3156 1394 3239 enim
1423 3151 1636 3263 absolutum
1666 3157 1732 3239 boc
1759 3191 1783 3240 a
1812 3189 1872 3244 nte
1898 3165 2003 3274 Opus
2130 3224 2136 3236 .

398 3279 603 3385 audivere,
638 3303 755 3390 quum
784 3273 992 3386 obsletrices
1019 3272 1119 3359 mibi
1148 3303 1277 3358 manus
1307 3271 1522 3357 obtulerunt
1550 3265 1600 3356 ad
1628 3274 1868 3388 magnificam
1897 3277 2004 3363 illius

401 3395 709 3506 emendatumque
738 3391 964 3500 editionem,
993 3391 1097 3476 nibil
1126 3391 1290 3492 reveriti
1317 3415 1376 3474 tur
1406 3395 1611 3498 Nummos,
1648 3397 1678 3474 S
1681 3393 1814 3505 igidi,
1852 3394 2004 3507 aliaque

401 3513 668 3628 Antiquitatir
699 3505 921 3624 sragrncnta
950 3540 1034 3596 aere
1073 3508 1295 3617 incidenda,
1332 3539 1377 3592 ac
1404 3531 1463 3592 tot
1490 3507 1681 3616 Chartae,
1719 3533 1879 3620 quarum
1918 3511 2005 3597 bar·

402 3633 523 3719 baries
560 3631 671 3743 longe
700 3627 905 3714 uberiorem
944 3657 1071 3712 curam
1101 3624 1289 3744 capescit,
1307 3697 1310 3706 s
1326 3655 1441 3740 quam
1469 3624 1653 3740 elegantis
1682 3629 1855 3743 Linguae
1893 3631 2007 3716 Lati·

403 3781 475 3838 nae
513 3768 754 3831 monumenta
775 3775 792 3829 .·
839 3773 956 3856 quum
985 3741 1141 3854 solicite
1188 3741 1437 3856 conservandi
1474 3744 1516 3826 in
1562 3745 1611 3827 iis
1644 3742 1729 3856 sint
1767 3747 2007 3858 Barbarismi

403 3864 569 3982 quilibet
605 3894 649 3948 ac
684 3859 925 3974 soloecismi,
963 3859 1139 3976 nihilque
1167 3859 1227 3974 sct
1264 3859 1541 3946 immutandum
1578 3860 1625 3945 de
1654 3862 1828 3978 rubigine
1857 3868 2010 3951 rudium

277 3988 280 3994 ’
405 3985 557 4070 illorum
594 3980 856 4068 saeculorum.
897 3985 985 4063 Non
1021 3979 1203 4096 postrema
1232 3977 1322 4064 baec
1350 3978 1401 4089 esl
1429 3973 1557 4090 cauffo
1580 3981 1805 4093 gratulandi
1832 3985 2010 4099 tempori·

405 4103 473 4189 bus
501 4097 660 4213 nosris,
703 4098 838 4212 quibus
878 4097 1034 4182 Nobiles
1073 4098 1191 4182 ctiam
1229 4097 1314 4181 viri
1342 4095 1461 4207 suum
1489 4098 1621 4182 Libris
1658 4097 1811 4184 edendis
1843 4103 2011 4216 petroci·

294 4285 299 4294 -
406 4221 530 4307 nium.
555 4217 805 4334 impertiunt,
845 4215 905 4300 ita
943 4241 989 4300 ut
1027 4212 1231 4331 optandum
1269 4212 1526 4299 tantummodo
1561 4211 1756 4332 superfit,
1801 4243 1845 4301 ut
1877 4217 2011 4333 segnis

407 4367 507 4423 nunc
533 4329 587 4417 (9'
615 4331 721 4448 quasi
752 4331 958 4418 dormitans
987 4333 1107 4418 ltalia
1127 4329 1222 4442 suas
1259 4332 1363 4416 vires
1391 4333 1544 4418 tandem
1574 4360 1721 4438 ruerat,
1758 4339 2011 4450 maioremque

408 4457 585 4542 bonorum
607 4449 816 4536 Librorum
844 4451 988 4562 copiam
1012 4451 1243 4567 procudam,
1283 4450 1466 4564 ejusmodi
1494 4447 1678 4565 subfidiit
1706 4450 1840 4538 oblatis
1870 4455 1913 4542 in
1938 4478 2015 4572 pu·

371 4569 375 4578 ’
408 4574 544 4660 blicam
569 4569 843 4688 privatamque
871 4567 1020 4654 laudern
1050 4591 1206 4654 utatur.
2009 4623 2013 4628 -
