4532 6154
269 513 379 602 ⁷334
530 455 1102 566 '‘Dtsstrtn'rto
1147 466 1466 590 OCTAVA:
1681 490 1774 603 ’,ξς

212 631 272 680 nae
296 595 524 696 cujuscumque*
539 592 634 687 sexus
658 614 766 666 eontra
792 589 851 688 jn's
881 617 973 690 prae·
1001 605 1038 678 Α
1068 597 1276 693 Regumque
1296 593 1473 668 Palatium
1498 616 1749 694 evocarentur,
1769 594 1832 676 aui

211 705 294 779 dieti
327 697 462 776 Comitis
497 696 677 771 Rambaldi
700 700 724 768 d
750 696 852 783 nestra
885 701 974 768 Sere·

214 807 317 878 nitate
337 799 428 894 [aila
453 799 661 888 inveniatur,
689 798 784 872 irrita
800 801 974 874 habeatur.

214 915 282 980 Nos
320 903 404 975 enim
443 927 504 972 non
540 899 774 992 intelleximus,
811 927 865 972 nec
898 926 974 972 teco-

65 1004 67 1008 ’
209 1007 386 1106 gnoscimus
417 1003 458 1074 de
492 999 566 1095 jure
603 1001 782 1074 Comitatus
818 999 977 1098 praeditii

213 1109 313 1182 alicui
349 1105 527 1201 perfinire,
567 1100 628 1186 nist
669 1101 730 1198 ipſs
771 1106 974 1190 Rambaldo,

214 1215 380 1308 quiequam
407 1227 462 1276 nos
486 1200 672 1297 conceffiffe'.
710 1210 753 1277 Ut
778 1205 880 1301 igitur
903 1205 977 1276 baec

215 1309 320 1398 nostra
353 1309 493 1402 eonceffio
527 1304 631 1398 firma
662 1325 809 1402 perpetuo
849 1324 977 1379 maneat

216 1414 261 1486 Φ
297 1412 506 1498 inconuulsa,
543 1405 736 1502 praesentem
772 1407 845 1480 inde
879 1405 974 1503 pegi·

1068 696 1114 768 ob
1149 697 1236 770 alias
1272 697 1421 770 caulias:
1451 723 1523 796 quo
1558 717 1738 800 tempore,
1766 701 1830 776 nili

1067 821 1188 870 eorum
1212 795 1310 870 vices
1333 796 1518 896 quisquam
1541 801 1631 875 alius
1656 801 1831 897 sustinuisi

1067 895 1138 988 set,
1176 899 1329 974 Urbium
1366 901 1498 976 tutelae
1535 927 1575 974 ac
1614 904 1829 1004 Populorum

1067 999 1235 1098 regimini
1251 1004 1344 1074 male
1360 1001 1560 1076 consultum
1579 1001 1717 1079 initiet.
1731 1011 1829 1102 Qua.

1066 1125 1104 1174 te
1130 1127 1206 1174 mos
1232 1101 1416 1195 inventus,
1443 1121 1482 1176 ut
1505 1105 1542 1177 tc
1567 1103 1648 1205 ipfis
1671 1109 1830 1194 comicia

1067 1202 1130 1275 bus
1158 1203 1303 1276 i‘icarius
1336 1203 1498 1296 daretur,
1525 1209 1722 1306 appellatus
1748 1232 1830 1310 pta·

1065 1323 1183 1402 pterea
1203 1305 1394 1376 Viceeomes:
1412 1306 1475 1403 qui
1500 1331 1574 1379 non·
1591 1305 1705 1382 solbrn
1731 1337 1827 1411 prae·

1064 1403 1185 1502 pedito
1211 1407 1357 1480 Comite
1384 1406 1537 1507 publicis
1565 1410 1667 1485 rebus
1694 1412 1826 1514 praees·

217 1541 292 1590 num
318 1511 491 1604 conscribi,
520 1511 563 1578 (t
588 1509 704 1602 sigini
729 1507 826 1595 nostri
852 1507 975 1604 impres·
1007 1517 1035 1588 B
1064 1505 1134 1597 set,
1151 1505 1328 1605 vigilique
1346 1510 1428 1581 curi
1445 1528 1602 1601 vacaret,
1618 1506 1674 1586 led
1695 1513 1827 1609 etiam,

210 1616 300 1702 stone
334 1613 480 1708 iuffimns
518 1610 702 1681 communiri
720 1649 739 1682 .·
769 1615 978 1699 statuentes,

217 1719 263 1790 θ’
297 1716 415 1789 Editio
451 1714 555 1808 Regio
582 1710 781 1803 sancientes,
816 1731 853 1782 ut
886 1713 980 1782 sitta

216 1819 341 1892 omnine
363 1815 494 1913 persona
518 1815 590 1886 alta
613 1812 670 1884 vel
694 1811 846 1902 hussitis,
873 1813 977 1885 Eccle-

211 1917 344 2007 sialliea
368 1920 424 1990 vet
457 1913 617 1988 detuleris
641 1933 750 1986 eontra
776 1939 845 1986 eam
869 1917 979 1985 uenire

216 2025 272 2094 arei
306 2021 384 2113 ausu
418 2017 582 2090 temeratio
616 2041 684 2088 eam
713 2013 895 2111 praesumat
928 2015 976 2086 in·

211 2124 373 2219 fringens.
409 2121 506 2215 „Quod
530 2118 586 2214 qui
605 2115 742 2207 feeerit,
776 2115 904 2212 viginti
936 2116 977 2185 li·

216 2223 390 2300 brasensi
411 2245 470 2317 pro
492 2241 594 2316 poene
618 2235 800 2311 componat,
825 2217 971 2289 medieta-

213 2343 278 2396 tem
312 2335 463 2416 Camenae
498 2318 617 2405 nminat
651 2316 869 2406 inferendam,
904 2317 974 2388 teli·

1065 1625 1104 1680 ut
1130 1607 1351 1709 conjeblurae
1377 1607 1515 1702 lerunt,
1543 1615 1712 1710 peculiari
1743 1641 1828 1714 qua·

1068 1707 1161 1806 piam
1178 1709 1378 1784 ordinariae
1391 1709 1542 1786 ditionis
1562 1713 1726 1812 portione
1740 1715 1832 1795 fruc.

1065 1829 1183 1884 retur.
1224 1811 1293 1884 Vel
1329 1809 1410 1910 iplis
1451 1812 1669 1914 temporibus
1709 1817 1830 1895 Sanbi

1065 1909 1230 2011 Gregorii
1255 1911 1384 2012 Magni
1411 1916 1524 2012 Papae
1547 1915 1705 1992 occurrit
1731 1943 1831 1994 men·

1065 2013 1119 2086 tio
1148 2013 1386 2103 Vieeeemitum,
1413 2039 1502 2114 quos
1538 2015 1664 2092 deinde
1702 2021 1829 2095 Italica

1067 2113 1207 2212 Lingua
1242 2115 1417 2213 appellare
1446 2114 1630 2193 consuevit
1666 2121 1829 2214 Vr'seonti.

1066 2214 1327 2288 Commendans
1362 2214 1458 2289 enim
1485 2218 1632 2292 Sanilus
1660 2219 1828 2298 Pontifex

1066 2313 1104 2387 in
1130 2314 1286 2411 Epistola
1317 2321 1375 2390 18.
1401 2315 1485 2390 Lib.
1514 2326 1548 2393 8.
1579 2319 1708 2396 tudier.
1738 2326 1765 2396 l.
1790 2350 1829 2398 e.

213 2448 312 2523 quam
342 2442 466 2519 partem
493 2416 647 2514 injuriam
679 2417 777 2512 paffis
797 2415 974 2512 persolven·
1005 2435 1038 2508 ς
1067 2413 1218 2488 ditionis
1254 2414 1476 2489 Benedictis.
1503 2421 1661 2519 Agnello
1687 2421 1833 2524 Episco-

214 2529 317 2600 dam.

267 2633 393 2700 Datum
429 2625 464 2694 in
501 2643 621 2694 nemore
654 2614 755 2713 jueta
791 2623 976 2711 ferrazza-

215 2751 314 2815 ettm,
348 2731 452 2798 Anne
476 2721 610 2796 Domini
639 2721 800 2792 MCXCl.
825 2719 975 2792 indictio.

216 2853 254 2902 te
280 2831 340 2899 lX.
365 2823 506 2920 Septimo
530 2825 608 2898 titus
632 2821 787 2916 Aprilis.
969 2891 977 2905 ,

269 2926 512 3020 Quamobrem
527 2922 589 3021 qui
611 2921 682 3022 post
696 2922 859 2997 Seculum
874 2919 977 2996 Chri·

215 3025 257 3102 sti
286 3027 474 3103 Decimum
499 3023 662 3100 Comites
688 3021 917 3114 dicebantur,
939 3022 978 3096 in

216 3155 257 3203 ea
275 3128 451 3230 dignitate
471 3123 673 3226 parentibus
693 3124 729 3196 δι
749 3122 886 3218 agnatis
905 3124 980 3198 suc·v

215 3230 407 3304 cedebant:
437 3226 532 3328 quod
557 3226 648 3302 olim
681 3223 831 3298 minime
859 3223 980 3299 stabile

214 3431 384 3524 Calabri,
403 3430 499 3505 edita
522 3431 631 3504 Tom.
651 3430 716 3500 vt.
743 3432 862 3503 Veter.
887 3427 975 3502 Scri·

213 3551 307 3633 ptor.
342 3532 363 3604 l
399 3534 468 3605 FP.
502 3533 668 3606 Martene
704 3530 740 3602 tc
781 3529 977 3619 Duratio,

214 3649 515 3706 commemoratur
539 3639 687 3726 Regulus
711 3629 864 3726 quidam,
890 3655 979 3729 quern

214 3732 370 3806 Comitem
391 3749 509 3802 uocant
534 3728 569 3800 in
592 3731 772 3826 regionibus
794 3732 883 3804 iliis.
910 3737 977 3806 Ve-

213 3835 294 3908 rbm
317 3827 466 3906 dimillis
491 3828 632 3904 tandem
656 3831 853 3924 comitibus,
882 3855 977 3906 nunc

213 3933 338 4023 restat,
364 3947 406 4006 ut
432 3929 570 4030 aliquid
601 3928 797 4004 adferamus
823 3931 866 4006 de
893 3934 978 4005 Vice-

214 4035 399 4126 eemisibns,
422 4057 573 4132 quorum
600 4029 732 4134 pariter
755 4031 801 4105 ell
826 4033 977 4133 peranti-

213 4163 285 4237 qua
306 4133 561 4226 institutio,&
587 4158 716 4235 magno
737 4135 828 4210 olim
853 4133 892 4209 in
916 4131 978 4208 ho·

1069 2517 1384 2690 n'tsfffftfiffi‘t
1404 2519 1834 2727 lioqssiissmsiiiiii,

1068 2716 1152 2792 haec
1171 2714 1308 2792 subdit:
1333 2719 1521 2817 Seripstmns
1541 2744 1646 2797 antem
1665 2728 1710 2796 O·
1728 2732 1838 2801 Marta·

1068 2844 1101 2888 re
1128 2820 1326 2912 Viceromiti,
1349 2841 1386 2892 nt
1408 2825 1625 2896 Fraternitati
1649 2826 1770 2915 uestrae
1795 2831 1847 2924 in¹

1066 2924 1124 2992 bae
1147 2945 1181 2990 te
1201 2922 1312 2992 debeat
1333 2921 1483 2995 adhibere
1497 2925 1620 3017 solatia
1643 2927 1712 3003 &n
1739 2930 1832 3024 Qui.

1069 3021 1131 3094 bus
1157 3046 1202 3100 ex
1227 3020 1346 3095 verbis
1368 3021 1505 3121 aliquid
1530 3025 1743 3117 Judiciatiae
1768 3057 1830 3130 po.

1070 3121 1201 3196 testatis
1225 3125 1284 3196 vel
1303 3126 1429 3198 Seculo
1445 3124 1515 3199 illo
1533 3129 1754 3206 commiffum
1776 3137 1833 3206 m·-
1871 3122 1878 3136 ⁰

1070 3224 1261 3296 ceramitibns
1281 3225 1418 3301 elucere
1437 3225 1598 3302 videtur.
1624 3233 1678 3304 Ite
1697 3230 1735 3308 in
1756 3255 1835 3308 cor·

69 3401 79 3404 -
214 3328 309 3406 fuit.
347 3335 388 3404 In
424 3330 513 3404 Vita
551 3324 671 3402 Sardi
707 3327 789 3402 Nili
824 3323 978 3402 Abbatis
1009 3337 1044 3406 D
1071 3349 1155 3424 pore
1188 3328 1326 3424 Legum
1361 3327 1708 3428 Langobardicarum
1745 3334 1831 3410 Lib.
1931 3415 1936 3424 ,

1073 3449 1105 3500 a.
1130 3423 1209 3500 Tit.
1237 3449 1297 3522 30.
1315 3430 1369 3502 Le
1394 3454 1413 3501 e
1440 3452 1475 3502 a.
1500 3429 1649 3506 edition.
1673 3433 1834 3509 Linden-

1070 3525 1186 3627 brogii
1221 3453 1462 3620 &Goliasti,
1490 3533 1641 3606 Carolus
1676 3537 1833 3636 Magnus

1071 3632 1265 3728 Imperator
1298 3627 1433 3721 edicit,
1469 3656 1514 3706 ne
1548 3633 1647 3708 Servi
1683 3659 1833 3710 uenum.

1070 3728 1216 3821 dentur,
1234 3727 1300 3806 nist
1319 3757 1438 3805 coram
1461 3731 1636 3835 Episcopo
1647 3759 1663 3828 ,·
1677 3753 1738 3812 aut
1759 3742 1833 3813 Ca.

1071 3829 1181 3922 mite,
1200 3849 1262 3906 aut
1287 3831 1489 3925 Viceremite,
1508 3850 1570 3909 aut
1594 3836 1676 3911 aliis
1701 3838 1833 3940 Reipu-

1071 3929 1184 4003 blicae
1201 3929 1395 4004 Ministris.
1415 3938 1466 4004 De
1483 3935 1671 4032 mancipiis,
1691 3936 1832 4037 inquit,

1070 4055 1148 4126 quae
1180 4030 1385 4122 venduntur,
1412 4051 1449 4104 ut
1484 4035 1518 4104 in
1542 4036 1723 4132 praesentia
1747 4041 1834 4137 Epi·

1065 4130 1172 4226 scopi,
1188 4129 1247 4202 uei
1265 4130 1400 4202 Comitis
1417 4130 1486 4216 fint
1507 4137 1665 4229 uendite,
1684 4159 1743 4212 ant
1760 4146 1834 4215 ,Ar-

212 4265 301 4312 nore
326 4237 448 4313 habita
474 4235 545 4311 fuit
572 4234 759 4334 Dignitas.
787 4239 849 4310 An
876 4233 931 4312 illi
957 4237 977 4310 l
1008 4253 1038 4324 E
1069 4231 1265 4318 abidiacani,
1301 4234 1345 4304 (9¹
1379 4236 1586 4328 centenarii,
1612 4259 1671 4312 ant
1705 4243 1836 4315 tricet·-

216 4339 355 4413 Vicmiis
373 4338 473 4441 saepe
491 4336 583 4438 apud
603 4342 749 4412 Veteres
772 4335 979 4412 memoratis

215 4437 342 4516 diverli
362 4442 466 4541 plane
485 4439 641 4531 luerint,
660 4435 831 4540 disputari
851 4437 979 4536 pollet.

214 4545 313 4618 Nam
338 4541 435 4641 quod
470 4541 510 4617 in
536 4541 703 4616 omnibus
738 4539 809 4614 fere
837 4539 979 4613 Officiis

215 4641 349 4718 accidit
388 4643 511 4718 contin
539 4643 619 4717 ebat
655 4641 765 4716 etiam
803 4641 982 4714 Comitibus

214 4743 421 4821 Civitatum
460 4669 693 4837 iecinoribus,
721 4767 848 4843 nempe
875 4757 916 4818 ut
943 4744 978 4816 δι

213 4843 279 4941 ipli
305 4847 349 4920 ab
375 4844 437 4922 usu
463 4843 621 4921 muneris
645 4843 700 4921 sui
726 4843 904 4922 interdum
931 4841 979 4919 fe·

214 4944 301 5021 riari
320 4965 549 5050 cogerentur,
568 4945 639 5022 live
657 4947 705 5025 ob
720 4945 978 5048 aegritudinem

214 5071 277 5120 eor
324 5047 398 5140 ris,
425 5048 496 5127 five
529 5069 675 5151 propter
710 5050 884 5128 bellorum
919 5074 977 5123 ne·

79 5205 81 5211 ,
212 5173 253 5226 ee
296 5163 429 5245 tatem,
450 5169 512 5230 aut
537 5150 632 5254 quod
655 5149 700 5228 ad
720 5153 978 5254 Imperatorum

1069 4333 1174 4424 mini,
1200 4353 1259 4406 ant
1287 4330 1502 4429 Vicejndieis,
1527 4339 1583 4410 vei
1618 4342 1833 4436 Vieecomitis,

1068 4455 1127 4508 aut
1159 4456 1235 4506 ante
1259 4437 1399 4508 bannum
1433 4457 1508 4511 nota
1533 4438 1729 4528 testimonia.
1766 4446 1833 4519 Ba·

1069 4533 1185 4611 luzius
1219 4535 1329 4612 Tom.
1357 4540 1385 4611 1.
1411 4563 1489 4640 pag.
1523 4543 1607 4615 861.
1633 4541 1831 4643 Capitulat.

1071 4637 1157 4738 Reg.
1173 4638 1335 4712 Francos.
1350 4637 1445 4712 idem
1461 4637 1611 4715 referens
1630 4639 1832 4742 decretum,

1071 4737 1264 4812 Vieecomitis
1287 4741 1501 4815 vocabulum
1529 4741 1693 4838 omittit,
1720 4747 1755 4822 δι
1782 4750 1833 4824 le.

1069 4841 1125 4942 git
1140 4841 1332 4914 Vieeiiomini
1341 4895 1352 4934 ,
1369 4863 1427 4916 eut
1435 4849 1469 4936 J
1469 4843 1572 4916 udicis
1589 4847 1742 4924 Comitis.
1763 4853 1834 4925 Ve-

1070 4945 1147 5018 rum
1171 4943 1206 5016 δι
1233 4941 1273 5016 in
1297 4942 1433 5020 Codice
1454 4945 1835 5030 MSto'Bibliotbecae

1070 5041 1236 5136 Ellenbs,
1263 5042 1361 5146 cujus
1386 5071 1453 5145 ope
1487 5049 1603 5224 Lepes
1627 5051 1834 5154 Langobar.

1557 5149 1626 5226 itas
1663 5153 1757 5229 Part.
1782 5157 1832 5232 ll.

1069 5145 1166 5226 dieas
1199 5147 1221 5222 l
1255 5171 1314 5222 me
1338 5171 1480 5246 quoque
1513 5175 1533 5224 e

1207 5276 1215 5294 s
1622 5351 1624 5356 Ι
1670 5253 1780 5334 ton.
