4628 6148
346 479 436 571 '137
516 547 519 558 -

634 439 1151 540 nossatrnroo
1215 441 1531 538 Traron.
1771 459 1856 565 ηε

286 573 638 671 iongregabuoitur'ad
671 570 859 660 Synodum:
894 567 978 636 uode
1013 563 1057 632 θ
1084 575 1117 647 Α
1146 587 1191 634 ra
1219 566 1363 657 Ferrea,
1389 594 1496 666 quem
1523 561 1723 644 Tomo'Il.
1750 569 1917 644 Anteio-¹

287 677 390 752 albus
413 675 495 770 suns
520 674 567 748 ibi
592 672 743 769 Capellae
769 667 972 767 quamplures
995 691 1049 738 vo·

286 797 376 852 satae
400 779 574 850 multarum
598 771 783 846 Cluuiarum
808 770 1052 867 Langobardiae

288 879 487 954 nominibus.
512 885 601 950 Nam
625 900 685 972 quo
710 876 754 947 ad
778 871 960 968 hujusmodl
981 899 1049 946 coo·

287 981 483 1058 uocationem
508 976 647 1050 Consilii
664 975 725 1069 jus
748 974 839 1073 quast
863 977 1050 1072 Metropoli·

288 1104 401 1160 rerum
434 1083 570 1154 habebar
596 1079 663 1150 &c
691 1080 865 1152 Attamen
895 1105 1050 1179 repono,

289 1183 471 1288 egregium
506 1178 649 1279 quidem
686 1177 805 1252 tellem
837 1205 953 1254 rerum
990 1179 1051 1254 suo

288 1305 449 1381 tempore
484 1279 708 1358 exilientium
745 1280 844 1354 soille
876 1281 1048 1357 Aulicum

289 1383 542 1480 Ticinensem;
570 1383 602 1457 is
621 1401 737 1457 autem
765 1381 852 1457 haec
877 1381 1051 1459 scribebat

1148 683 1267 738 torum
1281 691 1441 742 meorum
1453 672 1669 747 Latinorum
1686 667 1817 748 inserui
1834 667 1917 772 s*),

1148 766 1183 837 8<
1210 764 1368 842 recusum
1394 769 1523 845 deinde
1550 773 1765 874 Lipiae,&
1791 772 1919 872 polire-

1149 892 1208 942 mo
1236 869 1406 970 Lugduni
1444 875 1661 948 Batavorum
1692 874 1731 949 in
1759 875 1918 952 Thesau-

1149 995 1189 1040 ro
1223 973 1502 1070 Antiquitatum
1539 976 1748 1050 Italicarum
1785 976 1918 1078 Respu-

1149 1069 1242 1144 blica
1268 1072 1449 1148 Literaria
1485 1077 1644 1176 accepit:
1684 1102 1793 1175 qnare
1828 1079 1918 1154 illuc

1150 1171 1319 1249 Leliorcs
1347 1176 1533 1253 amandare
1559 1177 1653 1253 mibi
1678 1179 1807 1253 liceat.
1844 1183 1920 1256 Ne-

1150 1273 1236 1348 celle
1263 1304 1405 1378 quoque
1431 1278 1523 1370 suit,
1543 1299 1584 1356 ut
1607 1279 1826 1382 quicumque
1844 1281 1920 1380 poli

1149 1378 1323 1453 Carolum
1352 1385 1526 1482 Magnum
1564 1386 1809 1458 Romanorum
1846 1386 1920 1457 lm·

289 1491 402 1564 Anno
429 1485 558 1561 Christi
585 1487 846 1560 MCCCXXX.
873 1483 1050 1561 nihilve.
1082 1507 1112 1578 Β
1150 1496 1291 1578 permar
1324 1481 1492 1559 dicendus
1528 1501 1630 1576 erat,
1657 1483 1755 1585 prius
1789 1511 1920 1560 auream

289 1614 332 1663 ro
358 1613 422 1662 nos
448 1587 585 1688 adigere
604 1587 646 1660 ad
674 1613 714 1662 ea
741 1586 935 1681 credenda,
962 1614 1051 1687 quae

289 1689 322 1765 is'
348 1705 466 1764 narrat
492 1687 677 1790 contigiffe
712 1689 902 1787 temporibus
926 1698 1049 1788 Longo·

289 1793 477 1885 betheum,
502 1791 670 1892 liquibus
688 1791 721 1865 is
740 1791 893 1866 nimium
913 1793 1052 1868 aberat.

287 1892 330 1966 Id
357 1893 500 1992 quidem
527 1892 604 1968 veri
631 1892 804 1984 fimitius,
841 1892 1051 1970 Ticinenses

287 1991 372 2068 illas
398 1997 563 2096 Capellae
590 1997 761 2068 inultorum
786 1993 972 2066 Civitatem
997 2025 1051 2068 no·

279 2093 428 2168 'minibus
462 2095 575 2168 adhue
601 2094 728 2171 Aulici
756 2121 844 2170 aevo
879 2118 983 2170 notas
1010 2097 1048 2172 in

288 2194 387 2270 usum
414 2195 672 2296 Episcopo'rum
698 2195 950 2296 tantummodo
969 2225 1053 2274 con·

286 2295 424 2372 stitutus
449 2296 572 2391 fuisse,
599 2300 741 2398 quoties
768 2299 798 2373 ii
825 2299 868 2373 ad
888 2300 1052 2377 Comitia

1149 1587 1304 1654 Coronam
1333 1588 1469 1660 Romae
1504 1584 1547 1661 tle
1583 1613 1690 1662 manu
1726 1585 1918 1662 Pontificio

1085 1695 1099 1708 ‘
1148 1681 1308 1759 Maximi
1334 1686 1530 1786 reciperet.
1558 1692 1661 1764 Unus
1685 1688 1917 1810 excipiendus

1100 1783 1293 1860 svidetur
1327 1787 1536 1863 Ludovicus
1572 1789 1684 1883 Pius,
1721 1815 1778 1866 cut
1806 1793 1920 1866 Anno

1151 1885 1282 1962 Chrilli
1300 1893 1541 1966 DCCCXIII.
1556 1889 1653 1966 iclem
1668 1893 1819 1968 Carolus
1836 1895 1922 1968 Man·

1153 2013 1241 2088 gnus
1268 1990 1442 2068 Diadema
1469 1993 1617 2094 Imperii
1652 1992 1848 2094 imposuit,
1881 1995 1921 2068 bc

1151 2093 1380 2192 Imperatoris
1399 2119 1529 2168 nomen
1550 2095 1707 2170 contulit
1722 2095 1921 2196 Aquisgra·

1124 2191 1222 2286 ni,
1256 2193 1410 2269 minime
1444 2193 1646 2296 exspoliati
1685 2196 1921 2272 coronatione

1152 2295 1333 2370 Rumina.
1358 2295 1424 2370 Sed
1443 2323 1505 2398 par
1524 2297 1571 2371 est
1589 2297 1753 2390 credere,
1772 2299 1816 2374 ad
1835 2323 1919 2375 eum

288 2398 404 2500 Regni
440 2400 723 2478 conveniebant.
760 2387 942 2476 Memorat
978 2401 1053 2504 ipse
1089 2415 1121 2487 C
1150 2394 1411 2472 sublimandum
1442 2396 1650 2475 confluxisse
1684 2399 1796 2476 etiam
1832 2426 1921 2474 con·

285 2501 440 2576 Aulicus
480 2501 653 2588 Ecclestam
693 2500 808 2580 Sanus·
845 2505 977 2579 Nicoloi
1014 2507 1055 2579 le

289 2603 456 2676 Verrucio.
494 2606 588 2678 Puto
622 2604 871 2710 corrigendum
905 2607 1053 2701 locum,

286 2706 323 2779 ilc
350 2704 570 2780 scribendum
596 2709 637 2779 ele
663 2707 839 2804 Venerio,
876 2709 1052 2785 eamdem.v

287 2832 357 2904 que
383 2805 450 2879 ell'e
476 2833 556 2880 cum
592 2811 747 2885 Ecctefia
783 2809 902 2885 santii
941 2811 1052 2887 Nico·

290 2907 364 2990 lai,
392 2902 491 2976 fitam
520 2907 561 2978 ad
589 2912 756 3000 Portam,
783 2935 862 3004 quoe
878 2913 999 2982 dicitur
1015 2913 1055 2984 de

291 3005 476 3095 willario,
495 3001 671 3106 sp'cbiante
682 3009 724 3082 ad
740 3008 954 3108 Episcopum
965 3015 1050 3088 Mu·

289 3103 486 3195 tinensem,
524 3124 564 3180 ut
600 3108 699 3205 supra
735 3107 912 3186 vidimus.
955 3117 1050 3186 Nam

291 3208 491 3280 Viridarium
515 3208 551 3280 δι
579 3211 767 3303 lemanum
792 3208 886 3285 idem
923 3211 1052 3312 fignifi-

1148 2496 1284 2572 sensum
1311 2499 1467 2574 Romani
1495 2500 1707 2577 pontificis.
1743 2505 1792 2575 Et
1818 2499 1918 2602 qunti

1148 2599 1378 2675 certillimum
1405 2601 1472 2694 ell,
1500 2617 1541 2678 ut
1566 2599 1668 2704 supra
1686 2601 1815 2694 innui,
1834 2605 1916 2677 An·

1146 2728 1195 2777 no
1239 2706 1478 2779 DCCCXVI.
1514 2702 1611 2781 idem
1650 2702 1860 2782 Ludovicus
1895 2703 1917 2780 i

1148 2804 1328 2904 Stephano
1355 2809 1420 2880 tv.
1449 2809 1542 2908 Papa
1569 2807 1608 2881 in
1636 2806 1775 2882 Gallias
1802 2804 1919 2901 prose·

1148 2904 1207 2978 tto
1233 2905 1267 2978 se
1303 2905 1544 2980 coronandum
1581 2906 1745 2980 curavit.
1782 2908 1918 2982 Glnber

1149 3003 1354 3102 Radulphus
1381 3003 1466 3078 Lib.
1503 3007 1531 3079 1.
1567 3008 1658 3105 Cap.
1694 3010 1741 3081 V.
1777 3004 1915 3083 Hister.

1148 3108 1299 3178 Nimium
1341 3103 1546 3204 (scribebat
1586 3105 1729 3182 circiter
1765 3111 1918 3184 Annum

1147 3206 1215 3283 Ch.
1254 3207 1395 3306 1045.)
1431 3209 1595 3280 condecens
1628 3236 1666 3281 ac
1696 3210 1915 3305 perhonestum

290 3325 436 3398 carnot,
472 3309 577 3383 &ex
605 3310 722 3410 primo
748 3315 900 3387 alterum
928 3319 1050 3391 Saecu·
1087 3331 1120 3399 D
1145 3311 1298 3400 viderur,
1323 3329 1418 3408 arque
1441 3315 1486 3381 ad
1499 3311 1591 3407 pacis
1608 3313 1743 3384 tutelam
1762 3314 1916 3410 optimum

288 3409 324 3482 la
344 3408 522 3483 barbarica
541 3411 790 3489 efformarunt.
815 3417 924 3488 Porro
943 3443 1051 3515 quum

290 3534 334 3582 ex
353 3509 474 3585 eodem
496 3513 630 3587 Aulico
644 3512 825 3590 Ticinenst
842 3513 1052 3611 habeamus,

292 3609 418 3686 Ticini
453 3611 609 3687 extitisse
644 3619 816 3690 Ecclesam
843 3617 959 3690 Saleii
991 3627 1052 3692 Ge·

290 3711 431 3784 miniani
465 3715 722 3790 Mutinenstum
761 3718 928 3793 Patroni:
967 3719 1053 3796 haec

290 3837 412 3888 reuera
447 3811 547 3886 sitisse
580 3815 722 3894 videtur
757 3817 941 3913 Ecclesia,
983 3851 1051 3921 qua

289 3910 513 3988 Mutinenses
529 3913 696 4016 Episcopi
712 3922 922 4014 utebantur,
941 3950 1050 4023 quum

288 4011 464 4089 Ticinum
491 4017 700 4116 pergebant.

338 4113 563 4190 Eleiiionem
582 4121 718 4218 Regum
738 4123 945 4200 Italicorum
965 4154 1048 4202 con-

1145 3417 1326 3502 decretum,
1347 3410 1470 3502 seilicet
1496 3432 1532 3482 ur
1557 3413 1788 3511 nequisquam
1812 3418 1918 3490 eudo·

1149 3513 1213 3585 iio
1240 3512 1383 3586 Romani
1418 3511 1549 3608 Imperii
1577 3512 1736 3611 sceptrum
1766 3537 1918 3614 praepro-

1144 3639 1239 3713 perus
1259 3615 1381 3712 gestare
1406 3614 1558 3710 Princeps
1582 3635 1739 3712 appetat,
1768 3617 1827 3708 seu
1852 3621 1918 3690 lm.

1145 3739 1272 3815 perator
1294 3717 1383 3808 diei,
1407 3728 1469 3789 out
1492 3712 1549 3812 effe
1573 3723 1708 3809 voleat,
1735 3717 1799 3804 rifi
1823 3743 1916 3817 quero

1147 3827 1240 3916 Papa
1273 3819 1369 3892 Sedis
1404 3825 1572 3892 Romanae
1605 3845 1724 3892 morum
1755 3823 1917 3920 probitate

1148 3921 1277 4017 elegerit
1301 3941 1411 4016 aptum
1447 3921 1682 4017 Reipublicae,
1722 3923 1813 4020 eique
1826 3933 1918 3996 'com-

1148 4023 1268 4114 miserit
1294 4020 1417 4118 insigne
1442 4023 1627 4116 imperiale.
1648 4026 1782 4098 Verium
1803 4022 1919 4124 splen-¹
1962 4031 1964 4038 '

1149 4119 1346 4196 didiflimus
1373 4123 1437 4196 ille
1463 4123 1580 4215 ritus,
1615 4123 1668 4198 ita
1704 4124 1839 4199 serente
1863 4153 1919 4202 re·

287 4213 497 4316 sequebatur
515 4218 629 4294 veluti
649 4225 873 4301 necessarium
895 4232 1109 4328 comple-E
1148 4251 1226 4298 rum
1263 4219 1532 4317 viciffitudine,
1567 4224 1704 4327 jamdiu
1730 4226 1770 4302 in
1796 4227 1918 4302 desue-

286 4335 478 4410 mentum,
513 4346 635 4395 eorum
663 4324 893 4400 Consecratio
918 4329 953 4400 δι
981 4334 1047 4404 Co

286 4417 458 4509 sonatio,
497 4448 588 4520 quae
623 4421 762 4523 ingenti
798 4424 1049 4524 solemnitate,

286 4516 519 4618 mirabilique
545 4527 762 4623 Populorum
781 4528 971 4619 concursu,
990 4558 1046 4606 ex·

285 4618 509 4712 sulcatione,
535 4623 571 4694 ἃ
598 4625 720 4723 plausu
743 4628 862 4728 peragi
882 4631 972 4730 apud
994 4635 1049 4706 In·

286 4719 405 4796 subter
431 4719 635 4798 consuevit.
655 4727 816 4806 Posceret
835 4729 915 4806 heic
934 4758 1047 4808 rerum

285 4821 400 4914 ordo,
442 4839 483 4898 ut
522 4823 655 4901 illullre
695 4829 764 4904 hoe
803 4851 1047 4933 argumentum

286 4923 558 5022 pertrabiarem,
582 4925 646 5002 nist
671 4927 762 5005 illud
783 4931 878 5010 idem
898 4937 968 5038 jam
989 4965 1047 5012 an·

284 5037 345 5125 tea
370 5026 607 5128 praellitillem
631 5027 672 5108 iu
695 5033 870 5114 Traliatu
891 5041 932 5116 de
953 5045 1047 5116 Coro·

1148 4325 1332 4418 tudinem,
1369 4343 1410 4398 ut
1445 4351 1568 4401 omnes
1602 4347 1760 4421 norunt,
1797 4328 1915 4418 abiit,

1149 4453 1259 4524 quum
1287 4430 1304 4500 i
1333 4427 1454 4526 paucis
1481 4429 1637 4505 Saeculis
1664 4429 1851 4504 Etettione
1876 4429 1914 4501 δε

1146 4528 1391 4604 Coronatio'ne
1414 4531 1626 4606 Germanica
1651 4529 1810 4632 peralil,
1830 4553 1915 4602 con·

1147 4629 1250 4706 tinuo
1276 4630 1420 4706 Eleiius
1446 4631 1599 4732 incipiat
1625 4659 1697 4705 non
1725 4627 1838 4702 solum
1864 4627 1913 4703 ti.

1148 4736 1226 4807 tulo
1261 4731 1421 4808 Caesaris
1457 4733 1538 4825 nti,
1573 4731 1629 4806 sed
1665 4734 1700 4803 δι
1737 4730 1916 4828 integram

1147 4860 1309 4910 exercere
1349 4833 1619 4936 imperatoriam
1659 4827 1915 4908 auiioritatem

1145 4962 1218 5011 non
1245 4935 1340 5014 secus
1365 4935 1405 5014 in
1432 4933 1650 5024 Germania,
1677 4949 1783 5031 atque
1809 4930 1849 5008 in
1877 4937 1915 5010 1.

1152 5035 1240 5134 talia
1254 5095 1267 5138 ,
1303 5065 1428 5144 parum
1455 5061 1606 5127 curam,
1641 5032 1756 5110 immo
1782 5059 1826 5110 ne
1852 5053 1916 5135 ηοξ·

1690 5134 1850 5235 cellarios

369 5260 663 5366 vilarentum
683 5281 723 5358 Ρ.
745 5281 814 5360 111.
836 5285 940 5360 Tom.
962 5281 1027 5360 xi.
1048 5282 1140 5372 buius
1162 5286 1311 5358 editionis
1330 5273 1465 5357 nnllrae.
