4602 6136
494 461 518 544 3
810 425 1199 518 Anrrourr.
1246 417 1472 514 tranat
1514 421 1689 515 aaut

429 544 645 624 consesiaria
664 545 779 640 vitia,
805 549 825 622 s
850 549 978 650 quibus
1005 512 1096 622 ᾖ
1115 546 1251 624 vin-'A
1279 565 1319 622 ut
1344 545 1513 622 omittam
1541 545 1663 647 frigidi
1690 541 1798 621 Coeli
1825 571 1989 640 morem,
2026 543 2047 619 s

431 650 559 725 cendos
574 647 607 724 se
622 650 754 726 exteris
770 678 912 752 quoque
927 649 1082 726 hostibus
1098 675 1197 750 prae·

430 753 560 828 buere.
599 753 693 826 Heie
719 772 838 828 autem
874 755 1002 852 loquor
1027 749 1070 825 de
1105 753 1195 826 cele·

431 853 593 930 berrimis
630 855 831 930 Borealium
873 857 1091 956 Populorum
1126 851 1193 927 mi·

429 955 679 1056 grationibus,
721 983 807 1056 quas
843 955 988 1031 innuere
1024 982 1064 1028 ac
1100 953 1196 1030 nosse

1279 675 1350 748 quo
1385 645 1606 723 foecunditas
1639 647 1786 723 humani
1823 649 1960 750 generis
1989 649 2044 749 ja·

1279 748 1357 825 vari
1383 747 1562 838 creditur,
1589 748 1756 850 permulti
1782 776 1827 824 ex
1854 751 1901 826 iis
1928 753 2045 852 Popu-

1279 852 1325 924 lis
1351 853 1468 952 plures
1494 849 1639 950 fingulis
1666 851 1753 926 viris
1782 879 1909 926 uxores
1936 878 2045 952 copu-

1280 953 1428 1046 labant,
1472 979 1562 1053 quae
1606 949 1755 1028 licentia
1797 951 1910 1029 adhuc
1949 953 2045 1030 intct·

427 1055 622 1132 nostrorum
643 1057 752 1131 etiam
777 1077 978 1156 temporum
999 1055 1119 1157 magni
1139 1055 1192 1130 in·
1278 1081 1403 1130 omnes
1427 1052 1499 1130 fere
1534 1051 1757 1131 Orientis&
1793 1055 1936 1132 Africae
1962 1081 2047 1156 gen·

427 1157 551 1232 terest.
577 1157 723 1234 Scilicet
750 1159 957 1259 plerumque
979 1183 1051 1232 non
1078 1157 1195 1232 caussai
1279 1175 1331 1230 tes
1359 1155 1562 1257 usurpatur.
1598 1159 1724 1256 Neque
1752 1155 1847 1231 secus
1881 1156 2045 1232 suadebat

428 1257 698 1358 amplificandae
749 1258 911 1360 propriae
958 1257 1109 1334 ditionis
1148 1285 1192 1334 ex
1279 1275 1340 1333 aut
1365 1258 1564 1348 imperabat
1590 1281 1714 1333 eorum
1742 1257 1914 1360 Religio,
1938 1259 2044 1356 quip·

426 1359 732 1436 conterminorum
760 1359 906 1460 spoliis,
942 1360 997 1437 uti
1024 1361 1192 1462 regnandi
1279 1387 1320 1458 pe
1347 1361 1531 1436 idolorum
1567 1359 1682 1434 cultui
1716 1360 1876 1459 plerique
1912 1357 2045 1436 additti

427 1461 559 1560 cupido
595 1461 653 1538 seu
688 1463 866 1552 ambitio,
902 1461 961 1538 eui
986 1461 1082 1538 nihil
1117 1483 1246 1556 umss
1278 1459 1474 1553 vivebant,
1500 1463 1535 1536 dt
1559 1458 1779 1535 Christianae
1798 1459 1888 1559 legis
1908 1461 2046 1536 institu-

426 1589 534 1737 quam
562 1562 646 1639 satis
681 1563 816 1662 semper
840 1562 954 1656 fecit,
990 1561 1193 1664 semperque
1279 1581 1313 1636 ta
1339 1561 1404 1637 vix
1430 1561 1473 1637 de
1505 1559 1653 1637 nomine
1679 1578 1828 1634 norant.
1865 1562 1962 1636 Hinc
1990 1561 2043 1638 su·

443 1667 563 1758 aciet,
600 1665 656 1740 sed
692 1663 853 1739 melioris
888 1665 1004 1758 coeli,
1038 1668 1074 1740 dt
1111 1667 1189 1742 ube-
1278 1691 1338 1765 pra
1357 1663 1503 1740 modum
1530 1661 1698 1739 adausius
1723 1661 1957 1734 liarbarorum
1979 1691 2045 1740 nu·

425 1765 532 1840 rioris
561 1765 628 1840 soli
655 1763 890 1865 conquirendi
908 1767 1023 1868 gratiai
1049 1767 1187 1845 confue-
1278 1793 1416 1842 merus.
1458 1770 1639 1841 Praeterea
1665 1761 1690 1838 fi
1716 1788 1807 1862 quae
1832 1781 1931 1838 erant
1958 1765 2046 1842 Tri.

425 1891 509 1939 vere
537 1866 744 1944 Barbaricae
779 1867 865 1944 illae
890 1888 1012 1970 gentes
1039 1871 1192 1971 propriis
1278 1870 1340 1943 bus
1375 1869 1480 1944 unici
1517 1895 1628 1944 uxore
1663 1885 1879 1952 contentae,
1925 1863 2044 1941 homi·

422 1967 623 2044 valedicere
642 1970 868 2072 regionibus,
895 1973 929 2048 δι
955 1970 1099 2048 sarcinis
1118 1975 1185 2046 col·
1278 1995 1361 2044 num
1397 1969 1533 2046 robusta
1569 1997 1743 2070 corpora,
1781 1969 1816 2042 δι
1852 1965 1895 2041 ad
1931 1992 2042 2042 annos

422 2069 527 2144 lesiis
562 2070 635 2146 viri
662 2097 701 2144 ac
728 2072 893 2147 mulieres
929 2073 1062 2149 alienas
1096 2092 1185 2172 pete·
1279 2073 1400 2146 viriles
1436 2077 1643 2174 plerumque
1675 2067 1858 2145 servatas
1891 2067 2042 2145 Veneris

421 2197 482 2258 re,
509 2187 615 2270 atque
642 2199 819 2248 armorum
848 2173 886 2250 vi
913 2171 976 2252 fibi
999 2174 1188 2276 subjicere.
1277 2173 1336 2251 usu
1372 2173 1520 2264 illaesa,
1555 2171 1776 2249 numerosam
1812 2169 1926 2270 postea
1960 2197 2042 2270 pro·

421 2273 566 2346 Horum
602 2273 741 2350 animos
777 2273 975 2352 acutiffima
1013 2276 1083 2354 duo
1119 2281 1185 2353 cal·
1277 2279 1346 2352 lem
1373 2277 1584 2378 conjugibus
1608 2277 1796 2376 parabant.
1823 2275 1945 2347 Tanto
1971 2270 2042 2372 igi·

422 2372 518 2448 caria
544 2372 587 2448 ad
612 2373 649 2450 id
676 2373 815 2452 consilii
835 2377 1088 2480 impellebant.
1116 2381 1186 2456 Sci·
1214 2409 1246 2480 C
1275 2399 1333 2454 tur
1362 2378 1494 2454 sobolis
1529 2395 1719 2482 augmento
1755 2373 1893 2492 angusta
1929 2373 2042 2449 inter·

420 2471 536 2560 licet,
572 2495 613 2549 ut
639 2475 749 2552 etiam
777 2479 1032 2556 animadvertit
1049 2486 1185 2568 ¹Seneca
1274 2483 1356 2555 dum
1384 2481 1573 2558 videbatur
1595 2505 1717 2555 eorum
1744 2503 1780 2552 rc
1806 2503 1867 2566 to,
1892 2500 1934 2547 ac
1960 2499 2041 2578 pro·

420 2570 462 2649 in
500 2575 613 2652 Libro
648 2577 691 2654 de
726 2579 983 2658 Consolatione
1022 2581 1065 2657 ad
1102 2586 1184 2660 Hel·
1276 2603 1392 2682 pterea
1426 2609 1511 2700 gens
1530 2577 1708 2657 ‘universa
1741 2503 1944 2676 insurgens,
1981 2601 2041 2675 pe·

417 2675 548 2768 viam,
584 2681 674 2779 Cap.
711 2685 778 2758 vr.
813 2685 914 2756 Alias
948 2686 1049 2758 annia
1077 2685 1182 2784 super·
1273 2685 1512 2785 regrinattone
1531 2681 1601 2760 save
1627 2677 1842 2779 migratione
1862 2675 2039 2778 suscepti.

412 2775 553 2873 flamna
588 2783 705 2879 Populi
733 2784 917 2884 frequentia
941 2789 986 2858 ad
1019 2814 1183 2861 exoneran-
1273 2787 1310 2860 in
1337 2803 1491 2860 remotas
1527 2781 1735 2858 Provincias
1762 2777 1797 2856 se
1825 2778 1860 2856 se
1884 2779 2040 2854 effunde·

420 2879 483 2950 dat
515 2879 604 2952 viret
637 2883 740 2969 emisit
749 2939 844 2963 .....
870 2888 1033 2984 ,Quosdam
1066 2889 1188 2978 fertilis
1274 2890 1359 2980 bat,
1384 2883 1568 2985 visiofque
1594 2884 1781 2985 indigenas
1821 2880 1921 2958 aliud
1946 2883 2039 2956 Coe·

419 3003 516 3072 erae,
547 2983 598 3055 ab·
624 2984 659 3056 in
685 2985 791 3080 majas
824 2989 978 3064 laudatar
998 2989 1090 3080 sama
1124 3017 1183 3062 cor·
1272 2992 1345 3064 lum
1372 3015 1566 3088 quaerere,
1594 3005 1657 3064 aut
1682 2984 1747 3061 fibi
1773 2986 1868 3060 colla
1894 2981 2038 3060 subdere

355 3155 358 3162 .
418 3083 527 3178 rupit.
550 3087 652 3160 Haec
668 3087 740 3161 duo
761 3087 967 3190 praecipue,
987 3089 1064 3191 ipso
1085 3093 1178 3166 Paul·
1272 3091 1439 3192 cogebat.
1468 3089 1650 3165 Interdum
1669 3087 1781 3162 etiam
1804 3083 1957 3162 sortibus
1975 3083 2039 3160 du·

418 3182 459 3256 lo
484 3183 638 3260 diacono
665 3187 770 3276 tesfe,
806 3205 864 3264 tot
890 3211 1011 3288 gentes
1036 3219 1081 3268 ex
1109 3197 1181 3290 Hy·
1270 3193 1338 3267 siis
1378 3219 1456 3294 pars
1497 3217 1619 3266 eorum
1654 3188 1822 3284 antiquos
1861 3186 2038 3262 retinebat

419 3283 598 3381 perboreis
634 3287 748 3389 plagis
774 3289 814 3366 in
848 3291 1105 3368 Meridionales
1132 3296 1182 3370 in·
1213 3347 1246 3416 D
1272 3297 1388 3392 lares3
1416 3291 1555 3390 reliqua
1582 3315 1666 3364 vero
1693 3287 1880 3362 meliorem
1906 3283 1970 3361 fibi
1996 3285 2036 3363 in

419 3381 600 3462 citarunt.
637 3387 687 3464 Iis
713 3388 838 3484 enim,
865 3391 929 3489 qui
956 3395 1183 3492 Septemtrio-
1270 3391 1397 3469 alienis
1431 3389 1562 3470 finibus
1605 3389 1784 3466 fortunam
1824 3389 2038 3488 quaerebat.

417 3484 494 3559 nali
523 3490 612 3564 Polo
639 3491 821 3592 propiores
838 3512 965 3586 erant,
993 3495 1183 3570 inelemen·
1271 3495 1371 3571 llinc
1395 3493 1554 3592 antiquis
1578 3489 1797 3592 temporibus
1823 3507 1881 3565 tot
1908 3493 2037 3570 Barba·

416 3585 618 3682 incocti,
644 3595 680 3666 dt
708 3593 836 3670 infelix
857 3596 999 3672 telluris
1023 3596 1184 3688 indoles,
1271 3597 1423 3672 ricarum
1450 3595 1611 3693 gentium
1641 3610 1787 3684 motus,
1822 3589 1923 3694 iique
1948 3593 2037 3668 sem·

417 3690 561 3764 molesia
588 3693 743 3770 nimium
770 3715 869 3786 erat,
896 3697 1028 3799 quippe
1054 3697 1185 3801 frigore
1271 3725 1332 3798 per
1365 3696 1485 3773 versus
1518 3695 1776 3772 Meridionales
1810 3695 1958 3796 plagas,
1997 3697 2036 3770 dt

418 3789 564 3906 quidem
600 3798 751 3894 geluque
789 3799 995 3892 abundans,
1041 3821 1078 3876 at
1112 3829 1184 3876 non
1271 3797 1381 3900 ipsam
1409 3797 1627 3900 potissimum
1653 3795 1820 3890 ltaliam,
1847 3824 1938 3898 quae
1962 3823 2036 3900 qun

418 3910 473 3964 ara
499 3889 658 3994 frugibus
684 3925 724 3972 ac
751 3896 923 3976 frustibut
959 3921 1091 3978 terrae.
1128 3907 1181 3978 ln·
1272 3899 1427 3978 fertilior
1444 3927 1484 3976 ac
1508 3897 1713 3992 amoenior,
1742 3925 1785 3974 eo
1805 3901 1921 4000 plures
1940 3925 2036 3978 ama·

419 3993 648 4072 clementiam
669 3997 736 4076 soli
756 3999 808 4076 sui
832 4006 1085 4104 comparabant
1101 4031 1182 4106 gen·
1271 4002 1336 4104 fios
1360 4005 1397 4078 δι
1422 4022 1508 4080 vota
1533 4000 1750 4079 ferventiora
1775 4003 1983 4077 excitabat.

419 4109 474 4168 tes
514 4096 599 4174 illae
634 4127 715 4175 cum
753 4101 952 4196 foecunda,
997 4106 1108 4199 miti,
1140 4132 1184 4185 ‚ac
1323 4110 1408 4180 Non
1443 4106 1649 4180 memorabo
1682 4101 1764 4180 heic
1797 4107 1908 4180 Celtas
1941 4101 2036 4179 anti·

419 4193 562 4275 deliciis
588 4199 756 4279 affluente
791 4204 1027 4283 Meridionali
1054 4209 1237 4330 plaga,E
1271 4204 1472 4304 quiliimaot
1507 4224 1679 4308 gentem,
1718 4229 1909 4302 eorumque
1942 4201 2035 4303 gesta

418 4323 461 4374 ac
488 4300 691 4400 praesertim
728 4307 876 4382 ltalicd:
911 4335 1018 4408 quare
1053 4309 1183 4384 mirum
1270 4313 1306 4384 dt
1332 4308 1526 4412 progressus
1550 4309 1590 4386 in
1618 4309 1766 4386 nostram
1786 4302 1895 4406 usque
1919 4304 2035 4404 regio·

419 4425 494 4478 non
512 4401 620 4494 eil,st
639 4405 790 4484 stimulis
809 4409 986 4508 perpetuis
1004 4411 1183 4511 agitaban·
1272 4439 1379 4487 nem:
1417 4437 1528 4508 quum
1555 4413 1653 4490 enim
1679 4411 1723 4484 de
1748 4432 1868 4482 earum
1896 4404 2034 4484 sedibus

418 4519 480 4581 tur
497 4503 539 4580 ad
560 4505 775 4584 invadendas
794 4509 948 4604 alienas,
964 4511 1088 4613 easque
1107 4515 1183 4588 lon·
1272 4517 1384 4590 multa
1411 4511 1452 4590 fit
1479 4507 1732 4598 controversa,
1759 4507 1888 4607 eosque
1911 4509 2033 4584 Gallia

420 4633 464 4707 ge
484 4607 610 4706 posttas
629 4625 760 4702 terras,
774 4637 861 4712 quas
880 4633 1052 4689 noverant
1071 4616 1091 4689 δ
1112 4619 1183 4690 Na·
1271 4613 1331 4689 stbi
1359 4614 1560 4702 adscribat,
1586 4612 1641 4688 nil
1668 4611 1799 4688 mirum
1827 4609 1851 4686 fi
1878 4609 2032 4686 finitimi

418 4713 797 4806 truncationem,
825 4713 1183 4806 sedmatre,abun·
1272 4716 1399 4812 Populi
1442 4715 1617 4794 finitimos
1662 4713 1843 4792 invasere.
1886 4711 2031 4782 Csmbm

418 4807 581 4926 dantiore
616 4815 791 4894 donorum
817 4842 858 4893 ac
893 4836 1185 4894 ornamentorum
1270 4819 1414 4918 potius,
1441 4838 1481 4896 ut
1506 4816 1597 4896 alios
1622 4817 1818 4905 omittam,
1857 4835 1898 4884 ac
1924 4810 2032 4882 Thu·

418 4913 523 5006 copri
547 4918 715 4998 refertas.
740 4917 943 4998 Accedebat
969 4921 1005 4994 δε
1031 4923 1183 4996 alterum
1268 4943 1378 5016 tenet,
1412 4923 1593 5000 Androm
1619 4919 1776 4998 indicare
1809 4913 1937 5012 juvat,
1963 4907 2031 5008 qus

418 5009 720 5118 incitamentum,
761 5048 889 5116 nempe
924 5021 1034 5096 nimis
1073 5021 1179 5096 inter·
1266 5025 1309 5098 ab
1334 5023 1505 5102 extremis
1529 5018 1740 5102 Germaniae
1771 5013 1902 5090 finibus
1927 5009 2029 5112 supra

416 5109 505 5190 dum
522 5113 669 5197 adarna
686 5125 834 5208 illorum
853 5124 1062 5232 populatio.
1086 5127 1183 5204 Nam
1266 5144 1504 5234 umentorum
1546 5121 1705 5206 minium
1743 5109 2028 5306 nmfflmtq'fi

1880 5241 1925 5298 ΥΕ
