4628 6148
455 402 546 512 ης·
762 385 1152 517 narratur.
1198 387 1641 485 Manlianus
1869 399 1956 520 „c

400 509 483 586 dum
508 531 715 609 argentum,
732 515 816 612 quod
838 515 919 608 sunt
944 519 1061 588 Libras
1085 517 1160 588 duo·
1190 521 1235 593 Αἵ
1251 505 1383 587 Oiiavi
1410 514 1531 588 Tomo
1558 521 1619 591 lx,
1645 511 1845 594 concilior.
1866 521 2015 602 Labbei

397 617 497 688 lecim
510 615 642 688 valente
650 642 672 704 ;
689 617 793 713 adque
812 617 889 688 illut
901 617 1061 714 precium,
1082 623 1164 714 quod
1250 619 1375 713 Neque
1401 614 1555 705 Johanni
1582 637 1719 696 tantum
1741 621 1919 724 Episcopo
1943 624 2012 702 Ti·

393 717 471 820 plus
499 717 578 788 inde·
608 737 761 816 receptur
794 720 942 790 abuerint
979 718 1039 817 ipſs
1072 721 1163 790 Silus
1249 714 1378 792 cinensr
1413 716 1452 791 id
1482 717 1669 822 Privilegii
1703 721 1914 820 indultum,
1952 725 2010 806 sed

398 821 445 890 (θ’
485 819 675 892 Rsinardus
701 820 912 891 'communiter
945 825 968 892 ci
999 823 1161 919 proprium
1246 820 1282 891 dc
1318 819 1388 917 posi
1426 847 1496 890 cuns
1528 821 1600 913 suis
1636 821 1879 919 Successoribus.
1923 835 2011 908 Non

397 924 534 1010 abeant,
556 921 740 1009 saciendunr
759 922 871 994 exinde
895 923 1037 1020 quicquit
1054 923 1160 994 velue·
1246 919 1430 996 immeritb
1445 920 1583 996 addidit
1597 924 1797 1000 Cardinalis
1810 931 2009 1010 Batoniuse

397 1023 484 1094 tint.
519 1027 569 1094 Et
595 1020 630 1108 st
655 1021 720 1118 ipse
755 1023 946 1095 Rainardur
979 1023 1162 1111 distulerint
1246 1025 1343 1117 Quod
1364 1049 1426 1106 non
1448 1027 1621 1118 crederem,
1649 1025 1713 1112 nist
1736 1025 1887 1125 legissent.
1914 1033 2009 1130 Quis

396 1151 427 1198 ec
467 1125 575 1195 omnia
613 1124 813 1220 adimplere,
849 1125 987 1219 qualiter
1015 1125 1162 1222 superius
1245 1125 1342 1196 enirn
1367 1122 1430 1197 fibi
1458 1123 1680 1225 persuadeat,
1709 1127 1909 1207 adversante
1932 1161 2010 1210 om·

395 1225 590 1299 declaratum
614 1225 682 1312 esi,
722 1245 796 1294 tune
823 1222 887 1320 ipse
913 1231 1056 1298 Domnus
1082 1231 1157 1298 Wa·
1246 1223 1346 1297 nium
1374 1229 1600 1302 Saeculorum
1632 1227 1845 1330 disciplini,
1881 1235 2008 1323 lohan-

396 1329 487 1401 rirucs
521 1326 694 1423 Episcopus
723 1345 783 1422 per
809 1325 847 1420 se
881 1349 938 1400 aur
968 1329 1025 1421 suo
1063 1323 1160 1425 Mrffo
1245 1349 1327 1400 nem
1368 1329 1471 1400 Vlli.
1507 1345 1582 1401 tam
1623 1331 1819 1407 enormiter
1859 1335 2007 1436 dejicere

252 1495 255 1502 ,
391 1428 571 1531 prediiinns
601 1427 761 1524 precium,
798 1432 883 1527 quad
916 1429 959 1518 esi
994 1435 1077 1501 inter
1100 1457 1157 1504 au-
1191 1425 1393 1547 Bpoluilse
1436 1427 1650 1528 dignitatem
1691 1431 1778 1508 adeo
1818 1431 2008 1538 infigniunr

396 1557 467 1604 tunt
494 1531 538 1602 (9¹
564 1551 751 1630 argentum,
788 1535 891 1628 adque
922 1531 1063 1627 pallios,
1098 1557 1156 1602 va·
1226 1555 1282 1604 Ιιιι
1319 1527 1427 1604 Italia
1461 1531 1802 1633 Metropolitatum,
1842 1537 1949 1638 usque
1974 1565 2011 1614 a·

395 1635 479 1706 lente
514 1633 633 1708 Libras
666 1639 858 1705 duoeemtunr
899 1632 1159 1730 quinquaginta,
1244 1630 1365 1706 debut
1376 1631 1477 1706 nullo
1494 1632 1572 1710 sane
1587 1634 1687 1736 gravi
1704 1633 1829 1715 scelere
1845 1665 2010 1738 praeeun-

397 1735 458 1834 r'pst
481 1735 590 1809 Sileni
614 1737 730 1824 donee,
758 1734 803 1804 Θ·
829 1734 893 1832 ipse
917 1735 1009 1806 Silus
1034 1735 1160 1808 emittat
1245 1751 1304 1826 te,
1341 1732 1510 1828 subjicere
1537 1735 1622 1810 ilios
1649 1739 1806 1814 voluerit
1834 1741 1895 1814 uni
1923 1742 2008 1842 Epi.

395 1845 530 1912 Carnam
564 1833 724 1930 os‘etstoue
753 1835 817 1928 sul
849 1838 950 1910 dubia
976 1835 1159 1929 desemfione
1246 1834 1353 1936 scopo
1380 1835 1584 1912 Ticin'enfi?
1612 1839 1718 1934 Quod
1747 1839 1784 1914 in
1813 1841 1931 1942 aliqua
1956 1870 2010 1917 ar·

360 1967 364 1973 ’
390 1961 449 2040 per
474 1947 543 2012 Lex
569 1937 664 2034 sosia
688 1941 728 2010 de
749 1939 911 2036 prediiias
940 1965 988 2012 res
1023 1940 1056 2010 in
1087 1963 1151 2036 pre·
1246 1934 1312 2009 dua
1325 1937 1438 2036 Regni
1459 1937 1657 2016 necessitate
1673 1941 1709 2016 id
1726 1945 1905 2019 Romanus
1918 1947 2005 2016 Pon·

385 2041 480 2116 ailla
516 2041 683 2138 Episcopio
717 2041 833 2112 Saulle
869 2041 1062 2124 Mutinenfis
1096 2047 1155 2114 Ec·
1243 2034 1335 2110 tifex
1372 2037 1415 2110 ab
1452 2036 1531 2136 ipis
1558 2041 1698 2140 exigere
1724 2043 1757 2116 se
1786 2046 1877 2143 polse
1910 2062 2006 2146 puta·

394 2141 516 2228 slefie;
551 2139 596 2210 (θ’
629 2139 738 2210 eadem
760 2139 831 2212 alia
848 2147 949 2213 Carta
968 2141 1160 2236 offersionis,
1245 2136 1316 2231 rit,
1342 2139 1363 2212 b
1388 2163 1473 2212 vero
1493 2139 1642 2214 minime
1662 2141 1844 2220 abhorret.
1874 2149 2005 2218 verbm

395 2267 491 2343 quarn
517 2253 700 2314 comendare
727 2240 789 2328 est,
818 2241 1160 2337 decrementa,
1247 2266 1310 2340 pro
1345 2240 1469 2334 suturis
1500 2243 1660 2340 perpetuis
1700 2248 1916 2344 temporibus,
1952 2243 2005 2320 uti

396 2371 476 2446 quas
500 2347 540 2418 de
568 2343 653 2440 ipsas
679 2369 725 2414 res
761 2341 825 2440 ipse
851 2345 942 2416 silus
970 2349 1063 2438 abet,
1101 2345 1162 2443 ipfi
1247 2345 1351 2417 Pater
1387 2343 1604 2418 Romualdus
1632 2347 1838 2440 contendit,
1875 2344 2006 2445 sibique

393 2447 519 2526 Domni
538 2445 669 2520 Warini
686 2445 857 2546 Episcopi,
884 2468 943 2520 aur
958 2451 980 2518 ὸ
993 2449 1053 2539 sno
1073 2449 1158 2542 Mis·
1246 2443 1401 2521 intare
1424 2445 1665 2522 obedientiam
1694 2447 1857 2548 polliceri
1884 2468 2007 2549 potue·

389 2551 449 2646 so,
474 2551 571 2622 donec
594 2543 733 2640 cessamte
756 2549 822 2620 ullo
844 2548 1018 2620 concludio.
1040 2555 1087 2622 Er
1111 2571 1158 2625 ta·
1245 2547 1319 2639 rit,
1347 2545 1452 2624 facile
1478 2576 1548 2624 non
1577 2549 1748 2642 adducar,
1775 2569 1817 2626 ut
1843 2549 2006 2626 credam.

394 2653 470 2724 liter
498 2652 534 2744 se
564 2651 677 2724 exinde
714 2651 778 2747 ipse
811 2649 904 2722 Silus
937 2651 1091 2724 vilicavit
1116 2654 1162 2724 cb
1247 2648 1371 2726 Potius
1390 2657 1432 2726 eb
1451 2650 1621 2751 opinione
1647 2652 1860 2745 concedam,
1887 2668 1927 2728 ut
1954 2649 2008 2727 su·
2107 2721 2109 2726 .

395 2753 635 2849 adimplendum
645 2778 666 2838 ‚·
690 2755 784 2824 unde
807 2756 869 2825 dne
895 2759 1018 2825 Breues
1036 2779 1098 2826 uno
1116 2755 1156 2827 ti·
1245 2748 1357 2852 spicer
1382 2751 1634 2853 interpolatam
1662 2754 1853 2850 Epistoianr
1880 2755 2007 2846 iliarn,

395 2881 467 2926 nore
489 2855 604 2950 scripti
622 2855 721 2946 sunt.
1246 2872 1306 2928 aut
1334 2852 1439 2929 aliter
1463 2857 1775 2953 qubm'creditus,
1801 2858 1867 2932 eise
1893 2854 2008 2956 exp'li·

445 2953 584 3029 fallam
610 2953 653 3041 est
678 2981 710 3026 oe
737 2961 856 3028 Hanno
881 2957 1013 3054 Imperii
1037 2957 1158 3032 Domni
1246 2953 1414 3029 eandam.
1441 2958 1498 3030 ¹At
1525 2955 1598 3055 ipse
1635 2959 1853 3032 Romualdus
1880 2956 2007 3054 addit,

395 3059 500 3132 Eirict'
522 3057 743 3154 inperatoris,
772 3063 840 3130 Deo
862 3060 1022 3156 propicia,
1050 3062 1155 3156 ,Quin-
1245 3056 1409 3132 effectum
1430 3057 1582 3156 imperio
1610 3055 1817 3134 successisse.
1847 3061 1940 3134 Nam
1962 3061 2008 3130 E·

394 3180 448 3250 to,
478 3159 691 3254 suprascripto
716 3158 769 3228 die
796 3161 945 3250 Veneris,
982 3163 1160 3234 ludiliione
1245 3157 1379 3259 piscopi
1409 3159 1528 3234 Italici
1554 3159 1618 3234 fibi
1649 3161 1795 3234 domurn
1824 3157 2006 3234 Ticinensr

393 3260 526 3332 Prima.
1227 3261 1282 3334 ,in
1320 3261 1416 3336 Urbe
1451 3257 1740 3359 conquifierunt,
1777 3277 1818 3334 ut
1852 3259 1936 3334 durn
1963 3259 2006 3332 ad

444 3359 581 3458 Signum
626 3362 773 3436 manibus
816 3363 951 3454 §efficit
995 3365 1162 3460 Leginulfi
1184 3322 1217 3390 D
1245 3362 1404 3456 Synodos
1430 3362 1684 3450 convenirent,
1711 3360 1811 3434 domi
1838 3359 1917 3434 suae
1945 3359 2006 3432 ha·

547 3465 603 3563 qui
629 3467 673 3536 (t
699 3464 921 3561 Berenglerii,
959 3463 1003 3535 Θ
1027 3465 1155 3560 Agino·
1246 3462 1418 3538 bitarent.
1445 3466 1565 3557 Quam
1591 3461 1630 3536 in
1657 3487 1730 3536 rem
1754 3460 1852 3536 inter
1877 3458 1948 3536 alia
1973 3458 2005 3533 is

547 3567 609 3658 ni,
646 3571 747 3664 adque
782 3563 942 3659 Rodulfi,
978 3569 1035 3666 qui
1060 3567 1155 3639 inter·
1247 3563 1358 3638 adfert
1398 3565 1570 3638 Aulicunr
1610 3562 1865 3654 Ticinensem,
1906 3560 2005 3664 cujus

544 3669 679 3760 ficerunt
704 3669 811 3755 resles.
1246 3663 1463 3766 Opusculutn
1490 3663 1570 3740 dedi
1597 3666 1718 3739 Temo
1739 3667 1800 3737 xt.
1829 3669 1907 3739 Res.
1937 3665 2006 3738 ita·

343 3793 348 3804 ’
444 3769 583 3866 Signum
621 3773 711 3860 nstris
754 3769 900 3841 manibus
933 3770 1074 3864 Azoni,
1115 3771 1159 3842 (a
1246 3769 1416 3842 sicarum.
1445 3769 1478 3840 ss
1503 3767 1622 3860 enim,
1649 3764 1759 3840 srboc
1779 3767 1816 3844 in
1836 3769 1919 3840 loco
1935 3769 2006 3842 Ro·

548 3870 707 3961 Gerardi,
728 3869 909 3968 testes,qui
926 3871 1156 3962 interfuerunt.
1247 3869 1389 3945 mualdo
1416 3865 1522 3960 fides,
1550 3867 1587 3942 in
1615 3867 1699 3943 haec
1727 3869 1832 3942 verba
1859 3867 2002 3944 scribit:

446 3975 519 4070 Ego
544 3969 717 4058 Rallaldus
743 3973 897 4044 Notarius
924 3973 1004 4056 sacri
1031 3975 1160 4048 Palatii
1247 3970 1374 4070 Papiae
1394 3969 1473 4044 sunt
1487 3971 1582 4044 inter
1595 3971 1748 4071 reliquas
1769 3971 1907 4058 Ecclesta
1922 3981 2007 4044 San·

549 4073 701 4166 interfui,
723 4075 767 4146 θ’
791 4101 850 4148 unc
874 4082 1010 4146 Brevem
1034 4076 1156 4172 scripst.
1246 4073 1290 4167 lli
1319 4074 1452 4166 Eusebir'
1484 4081 1523 4143 de
1558 4080 1654 4144 Curre
1690 4077 1893 4165 Vercellirta,
1929 4071 2007 4168 quia

447 4177 552 4249 Pater
579 4175 796 4250 Romualdus
823 4179 843 4248 i
871 4177 997 4252 Saniia
1017 4177 1153 4266 Maria,
1245 4175 1417 4271 Eprscopus
1454 4176 1652 4246 lfrrcellenrs
1685 4179 1730 4250 ad
1763 4181 1924 4270 synodum
1949 4195 2008 4242 ue·

394 4273 434 4352 in
461 4275 519 4350 sua
557 4276 682 4349 Flavia
721 4275 854 4374 Papia,
893 4281 985 4352 Part.
1020 4280 1045 4352 i.
1082 4305 1155 4379 pag.
1188 4232 1214 4300 Ε
1246 4279 1336 4348 niens
1362 4277 1407 4348 ibi
1433 4275 1604 4361 refilebar.
1632 4280 1764 4350 Vetbm
1786 4274 1909 4348 absunt
1929 4299 2009 4348 vet.

395 4379 457 4456 60.
473 4375 616 4464 scribit,
633 4379 828 4451 concessum
846 4380 865 4451 i
881 4379 1157 4469 JohanneVIII.
1245 4380 1287 4452 ba
1314 4377 1397 4466 ilia,
1432 4379 1508 4474 quia
1534 4379 1707 4474 Episcopus
1733 4379 1799 4447 &c
1828 4378 1872 4450 ab
1901 4375 2009 4454 Auli·

398 4486 490 4580 Papa
505 4477 740 4574 Priviiegium
761 4479 943 4552 Ticinensr
960 4479 1159 4582 Episcopo,
1246 4478 1279 4553 ci
1306 4477 1505 4554 Ticinenbs
1532 4479 1681 4577 antiquo
1707 4496 1836 4572 textu,
1872 4505 1945 4578 quo
1972 4505 2009 4554 e·

395 4604 433 4656 ut
468 4579 711 4680 quotiescumque
747 4581 922 4676 Episcopus
957 4584 1012 4652 ille
1036 4607 1162 4656 vacaret
1244 4607 1290 4682 go
1329 4581 1404 4654 sum
1441 4581 1518 4654 usias
1537 4579 1596 4653 -ad
1633 4582 1871 4682 evulgandum
1906 4581 2007 4656 illius

397 4687 441 4760 ad
466 4691 629 4777 synodum
655 4681 913 4778 osrediepiscopos
939 4685 1162 4756 Mediolancrr·
1245 4681 1461 4781 Opusculum
1486 4684 1528 4756 de
1554 4682 1705 4758 Laudib.
1736 4684 1881 4788 Papiae.
1908 4686 2007 4756 Con·

392 4787 459 4880 sem
486 4788 530 4857 (θ’
555 4793 783 4858 Ravennatem
808 4810 876 4856 cum
912 4785 1161 4882 suffraganeis,
1246 4805 1325 4876 tra,
1366 4812 1410 4858 ne
1450 4783 1536 4884 quid
1573 4781 1809 4876 diffimulem,
1844 4785 1875 4858 is
1911 4797 2006 4857 certe

398 4887 508 4956 venire
545 4887 671 4958 omnino
708 4887 878 4960 deberent.
923 4886 1040 4960 Verba
1081 4887 1164 4961 baec
1246 4885 1330 4960 baec
1371 4886 1439 4960 alia
1479 4885 1605 4964 babet:
1644 4887 1847 4982 Temporibus
1880 4889 2007 4972 Longo.

400 4985 547 5060 Batonii
573 4987 680 5080 sunt,
709 4986 816 5087 idque
843 5013 966 5062 revera
995 4985 1162 5086 scriptum
1245 4991 1431 5079 bardorum,
1450 4987 1536 5072 sieut
1555 4989 1680 5082 sircur,
1708 4987 1776 5058 illie
1802 4981 1912 5080 (idest
1938 4982 2007 5060 Ti.

400 5087 439 5164 in
480 5083 637 5188 Epistola
679 5113 764 5190 ¹39·
805 5089 960 5194 ejusdem
996 5087 1165 5186 lobannis
1245 5092 1344 5191 cinis
1371 5091 1509 5166 annium
1530 5090 1675 5188 partium
1702 5088 1833 5158 illarunr
1857 5087 2010 5187 Episcopi

1888 5215 1959 5264 can·
