4628 6148
211 575 214 584 *
322 443 406 532 ese
596 431 1113 532 orsssurnrro
1164 425 1540 548 uulnera:
1735 443 1820 530 ιιι

381 689 562 786 Douetio
590 688 693 776 leae
723 686 944 778 Sublacensi
974 681 1246 796 Moossterio,
1275 679 1433 800 ejusque
1462 683 1614 774 Abbati
1644 680 1775 776 Leoni

590 807 861 896 {Benediito
890 803 1062 895 Consule
1094 808 1134 894 be
1164 809 1276 894 Duce
1308 809 1432 892 Anno
1460 831 1564 920 95²·
1850 801 1856 820 ’

370 1068 467 1153 Nno,
492 1059 633 1134 Domino
653 1059 817 1158 propitio,
856 1057 1028 1152 Pontifica·
1054 1059 1086 1132 A
1115 1057 1162 1130 rio
1196 1052 1398 1154 campanino
1433 1053 1469 1126 in
1502 1055 1625 1144 locum,
1664 1055 1722 1154 qui
1754 1061 1888 1130 matur
2025 1105 2031 1118 .

396 1187 447 1236 tus
472 1163 593 1237 Domni
617 1162 765 1260 ,agapiti
786 1161 912 1233 Summi
945 1168 1029 1233 Pon·
1116 1156 1273 1252 Pusano;
1301 1155 1360 1249 seu
1395 1155 1440 1226 Θ·
1474 1157 1568 1228 tetris
1594 1167 1638 1228 O‘
1672 1158 1782 1232 uineis
1817 1184 1886 1233 cum

263 1266 364 1356 sificis
395 1265 439 1335 (ν
473 1261 668 1356 universalis
693 1253 836 1358 sanioris
870 1268 959 1359 Pape
993 1264 1029 1333 in
1116 1257 1281 1334 arboribus
1312 1256 1411 1350 suis,
1453 1277 1739 1357 mantumeumque
1773 1261 1887 1334 babere

258 1367 381 1458 seneroti
404 1393 469 1436 ema
511 1367 593 1437 Sede
631 1365 717 1438 beati
760 1364 852 1436 Petri
894 1362 1033 1461 Aprofiu
1118 1363 1163 1434 0·
1185 1360 1327 1432 detinere
1360 1357 1452 1450 visus
1479 1357 1554 1452 sum
1590 1359 1626 1432 in
1666 1361 1791 1454 locum,
1831 1361 1888 1457 qui

263 1465 318 1558 li,
343 1469 512 1564 Septimo,
538 1465 715 1538 indiiiione
739 1469 782 1538 X.
809 1464 924 1558 Mense
948 1469 1025 1536 Ma-
1117 1482 1249 1536 wasser
1286 1468 1462 1551 Persona,
1500 1459 1638 1556 positum
1671 1461 1887 1560 sreprassripto

261 1571 345 1658 dio,
370 1568 425 1640 die
450 1571 572 1642 XXIV.
598 1567 735 1641 Domino
754 1564 867 1660 sensio
883 1568 1029 1660 'merito,
1118 1563 1275 1637 territorio
1300 1561 1521 1659 Campanino.
1555 1567 1623 1636 Nec
1648 1589 1712 1636 non
1738 1563 1784 1638 θ
1808 1564 1888 1637 eolo·

265 1669 311 1740 θ
355 1669 535 1742 venerabili
573 1668 768 1756 Monaslerio
811 1667 926 1740 Sanbii
968 1673 1030 1740 Be·
1117 1667 1175 1740 nia
1200 1665 1236 1737 in
1262 1665 1441 1760 integrum,
1467 1687 1527 1760 que
1551 1665 1736 1760 appellatur
1760 1663 1888 1756 Afile,

265 1764 412 1862 mediiii,
447 1771 531 1868 quod
561 1771 693 1866 ponit'ur
727 1769 763 1842 in
789 1770 958 1860 Sublaco,
987 1770 1032 1840 θ
1117 1793 1187 1840 cunt
1210 1765 1354 1838 omnibus
1369 1762 1527 1856 finibus,
1563 1765 1732 1857 terminis,
1767 1767 1887 1838 limiti·

265 1873 403 1944 omnium
420 1870 679 1958 desderabilium
696 1871 791 1944 michi
808 1872 945 1942 nimium
961 1892 1029 1967 peo-
1117 1867 1233 1966 busque
1251 1867 1346 1960 suis,
1371 1892 1441 1940 cum
1465 1864 1571 1956 casis,
1604 1866 1736 1958 vineis,
1761 1866 1883 1961 tersis,

259 1973 390 2065 serendo
416 1973 450 2044 in
470 1973 683 2072 suprascripto
707 1973 888 2044 venerabili
912 1977 1035 2043 Mona·
1063 1975 1092 2046 B
1120 1971 1164 2041 Θ
1181 1967 1304 2058 silvis,
1328 1995 1396 2042 eum
1418 1967 1584 2042 arboribus
1604 1967 1792 2064 pomiferis,
1814 1968 1888 2058 seu.

257 2073 377 2164 sterio,
415 2081 449 2145 in
475 2101 536 2171 que
562 2079 723 2148 Domnus
759 2077 837 2148 Leo
864 2070 1031 2171 religioso
1118 2069 1239 2162 iiisetis
1257 2067 1379 2154 diversi
1392 2069 1542 2164 generis,
1563 2068 1695 2164 puteis,
1715 2068 1886 2159 sontibus,

267 2174 467 2248 Peesbiteeo
497 2176 531 2246 ἃ
569 2175 711 2246 Abbute
745 2169 804 2266 esst
836 2173 1030 2267 dinoscitur,
1116 2172 1201 2244 rivis
1224 2194 1320 2266 atque
1340 2168 1513 2266 ρννιιιιιίν,
1548 2165 1716 2260 edificiis,
1749 2169 1888 2264 parieti·

266 2275 310 2344 θ
333 2296 390 2370 ριν
413 2293 445 2345 te
471 2275 506 2346 in
532 2273 652 2346 cunblis
676 2275 755 2346 aliis
779 2274 972 2348 Presbiteris
988 2274 1033 2346 (9¹
1117 2274 1169 2346 nis
1197 2271 1358 2368 attiguis,
1386 2263 1574 2363 adjunilis,
1604 2267 1921 2367 adjacentibusque„

265 2375 438 2448 Monacbis
456 2375 491 2446 in
507 2375 649 2472 prodibis
663 2374 1026 2462 Monasieriointrebun·
1111 2375 1204 2469 suis,
1230 2363 1357 2446 mleum'
1375 2371 1432 2444 vel
1456 2371 1635 2461 incultum,
1662 2371 1708 2444 Ψ
1732 2399 1801 2444 curn
1823 2398 1888 2442 om·

267 2477 379 2568 tibus,
414 2477 459 2548 θ’
493 2477 670 2575 ibidemque
702 2477 961 2574 permanentibus
997 2477 1031 2547 in
1117 2477 1212 2548 nibus
1237 2479 1282 2548 ad
1306 2475 1352 2546 eis
1382 2471 1644 2570 pertinentibus,
1675 2471 1781 2570 posita
1811 2493 1886 2570 pre·

263 2598 449 2676 perpetuum
479 2599 661 2676 perpetum
698 2579 733 2650 in
768 2585 907 2651 Domino
938 2579 1027 2672 salu·
1116 2577 1201 2650 dilio
1217 2574 1375 2649 territorio
1392 2573 1614 2671 campanino,
1637 2571 1725 2666 suris
1738 2573 1800 2644 mei
1817 2573 1885 2646 esi·

266 2699 355 2755 tem.
387 2687 515 2776 Semper
547 2681 633 2752 enim
667 2679 852 2767 Christiana
882 2705 968 2752 mens
993 2705 1032 2750 ·o·
1111 2678 1216 2766 siens.
1244 2681 1335 2752 Unde
1360 2677 1404 2748 θ
1429 2701 1534 2748 omnes
1551 2675 1742 2750 moniminas
1765 2678 1806 2748 de
1826 2672 1884 2766 su·

260 2779 388 2869 stendit
393 2779 542 2876 fideliter
553 2783 681 2854 reddere
693 2801 773 2854 vota
781 2833 895 2856 ......
904 2808 1033 2854 manum
1116 2779 1303 2876 prescriptis
1337 2777 1549 2854 immobilibus
1582 2777 1660 2848 loeis
1693 2798 1773 2874 aput
1808 2803 1883 2868 me,

267 2881 1032 3077 uuujeulccglnsszrer·
1061 2875 1883 3074 referunturque
1923 2899 1925 2904 ·

263 3098 392 3177 propter
424 3103 480 3175 ego
514 3079 708 3153 Benediilur
740 3083 776 3152 in
810 3081 877 3154 Dei
910 3083 1033 3155 nornine
1117 3079 1210 3154 vobis
1234 3079 1407 3176 vestrisque
1435 3073 1652 3170 suecessoribus
1677 3073 1789 3172 neeesse
1811 3077 1884 3167 sue-

265 3178 385 3272 Consul
411 3179 457 3249 (9'
481 3185 560 3252 Dure
594 3180 629 3252 in
660 3179 804 3277 predibio
836 3183 1034 3280 Mouslerio
1119 3184 1185 3269 rit,
1204 3181 1326 3278 semper
1351 3205 1405 3254 eas
1429 3178 1583 3266 usiendere
1609 3181 1653 3252 δ’
1677 3177 1888 3267 aemonstrme

267 3282 304 3354 in
328 3279 486 3374 presentia
514 3281 631 3352 Domni
656 3282 771 3354 honis
797 3283 940 3380 religioso
956 3289 1028 3360 Ab·
1109 3278 1265 3382 ¹promitto
1285 3282 1321 3354 in
1340 3289 1425 3353 muni
1450 3300 1606 3378 tempore.
1635 3282 1724 3354 Unde
1742 3289 1787 3352 0
1804 3285 1885 3354 banc

266 3385 341 3455 bate
365 3379 464 3474 ipssus
488 3382 701 3472 Monasierii,
729 3383 774 3454 δ’
801 3384 833 3454 iu
858 3381 978 3456 cuniiis
994 3415 1025 3457 a·
1118 3386 1217 3458 delio
1241 3383 1379 3482 presenti
1404 3382 1587 3454 donationis
1611 3383 1736 3456 Charra
1760 3401 1885 3455 contra·

264 3484 322 3554 liis
348 3481 609 3554 presbiteris&
635 3485 805 3557 Monaebis
831 3493 865 3557 in
895 3484 1030 3578 servitio
1121 3487 1196 3558 didi
1233 3486 1327 3558 vobis
1365 3484 1400 3558 in
1434 3503 1620 3581 perpetuum
1656 3481 1886 3580 vestrorumque

264 3582 333 3658 Dei
358 3583 476 3655 ibidem
502 3583 753 3673 incredentibus,
785 3607 844 3682 pro
869 3589 1030 3659 redemtio·
1118 3583 1295 3682 successim
1320 3585 1464 3658 omnibus
1491 3584 1716 3682 suprascriptis
1742 3583 1885 3658 immobi-

266 3711 306 3756 ne
339 3684 445 3755 anime
480 3709 568 3776 noee,
603 3687 648 3758 0·
680 3688 811 3759 veniam
845 3687 1028 3762 delie‘iorum
1123 3691 1209 3762 libus
1233 3690 1334 3781 loeis,
1371 3715 1439 3761 cum
1473 3686 1617 3760 omnibus
1650 3708 1754 3756 eorum
1786 3685 1886 3781 perti·

265 3809 429 3874 meorum,
459 3785 504 3854 Θ·
526 3807 653 3880 propser
676 3813 781 3858 eorum
806 3790 1026 3882 erasionibus,
1059 3807 1094 3880 1)
1125 3791 1266 3881 nentiis,
1301 3813 1338 3862 ut
1366 3789 1515 3884 superius
1546 3785 1691 3884 legitur,
1725 3809 1760 3858 eo
1784 3807 1888 3858 tenore

265 3911 325 3984 que
345 3909 405 3954 non
425 3883 539 3974 desunt
557 3888 670 3958 cotidie
686 3909 743 3982 pro
760 3887 916 3979 fidelibus
933 3893 1026 3963 Chri·
1118 3891 1180 3983 sub
1212 3893 1325 3962 divini
1355 3889 1476 3984 judicii
1512 3887 1716 3974 obtestatione
1748 3885 1887 3984 presuli·

259 3982 382 4075 slianis
406 4007 528 4081 agere,·
553 3991 576 4056 b
597 3987 736 4081 persensi
761 4015 845 4059 enim
869 3991 924 4060 die
947 3994 1027 4063 bona
1122 4017 1191 4062 mus
1216 4013 1283 4064 tarn
1309 4016 1385 4088 ego,
1411 4015 1507 4084 qeearn
1530 3989 1694 4060 heredibus
1719 3989 1823 4078 meis,
1850 4007 1888 4060 ut

264 4107 362 4182 esque
380 4083 559 4182 spontanea
582 4113 650 4158 mea
672 4090 862 4181 uoluntate,
886 4111 966 4186 pure
984 4093 1029 4162 Θ·
1122 4091 1331 4180 Abbatibus,
1357 4093 1414 4188 qui
1440 4090 1475 4160 in
1493 4091 1595 4160 eodem
1614 4087 1809 4176 Monaslerio
1830 4111 1890 4184 per

265 4187 382 4281 absque
408 4186 478 4258 ulla
495 4190 694 4279 condicione,
718 4195 780 4276 do,
806 4192 908 4283 dono,
935 4193 1026 4282 cedo,
1121 4212 1262 4288 sonpora
1289 4191 1528 4282 suceedentibus
1550 4189 1711 4278 constituti
1741 4190 1866 4279 suerint
1874 4211 1891 4280 ,'

265 4291 387 4376 erade,
414 4287 459 4356 (J
483 4288 628 4385 largior,
654 4310 751 4385 atque
776 4292 1033 4364 inrevocabiliter
1122 4321 1182 4366 non
1201 4293 1339 4366 babeant
1364 4291 1529 4364 licentiam
1546 4313 1605 4364 aut
1629 4289 1811 4386 potestatem
1837 4291 1887 4384 ip·

266 4389 381 4483 obsito,
417 4389 462 4458 θ’
486 4415 523 4461 eo
548 4417 614 4462 noeo
645 4389 718 4480 iure
753 4393 787 4462 in
814 4391 921 4478 veslra
955 4391 1029 4478 iura
1114 4393 1163 4481 fis
1198 4393 1390 4491 supradic‘iis
1414 4391 1490 4464 iocis
1521 4413 1582 4490 pso
1604 4393 1713 4488 alique
1736 4393 1889 4462 tenore?

267 4491 314 4560 <9⁶
336 4489 486 4585 poteslaee
510 4492 664 4580 remisero
686 4513 782 4588 atque
805 4493 978 4576 transcribe
994 4495 1028 4565 in
1117 4495 1303 4590 supradiiio
1332 4493 1527 4580 Monaflerio
1557 4517 1620 4590 pro
1642 4494 1710 4564 alio
1743 4511 1888 4583 queem

267 4591 359 4682 essum
385 4589 429 4658 (7
448 4591 606 4679 salarium
631 4593 666 4662 in
684 4595 789 4664 eodem
814 4595 1027 4684 Menasierio,
1123 4621 1184 4692 que
1216 4617 1395 4669 assumento
1428 4593 1590 4683 abstollere
1622 4611 1681 4664 aut
1714 4589 1890 4679 altenare,

267 4714 307 4764 stt
340 4691 377 4762 in
407 4710 594 4786 perpetuum
633 4693 779 4763 abeatis:
810 4693 893 4778 idesl
926 4721 1030 4766 omnes
1058 4715 1087 4786 Ε
1116 4697 1176 4789 sed
1200 4698 1285 4768 omni
1318 4717 1455 4792 tempore
1489 4695 1524 4765 in
1558 4691 1664 4776 enfin
1696 4687 1886 4772 *bibims-

267 4819 317 4862 res
352 4816 438 4862 meas
471 4790 678 4888 quascumque
709 4794 804 4866 ndebi
844 4794 951 4868 evenit
984 4799 1032 4869 da
1122 4822 1183 4896 que
1199 4793 1400 4893 succesorem
1424 4816 1551 4868 maneat
1581 4787 1756 4888 potestat·
1790 4788 1891 4880 M

267 4893 450 4966 Tbeobaide
463 4893 676 4983 ¹Presbitero,
709 4918 786 4991 quoe
809 4894 884 4992 sunt
907 4896 1028 4984 terris,
1115 4898 1150 4985 fi
1181 4901 1321 4996 qscolibet
1344 4905 1436 4970 modo
1469 4893 1629 4992 quispiane
1652 4889 1806 4960 ulman
1826 4911 1888 4984 pro

267 4993 393 5083 vinds,
420 4995 559 5088 eampis,
584 4995 709 5086 praeis,
731 4995 880 5091 pasceris,
900 4995 1027 5088 solvis,
1122 5002 1242 5096 quavis
1265 5001 1367 5072 enodes
1391 4998 1449 5068 orel
1481 5015 1583 5066 unere
1612 4987 1744 5078 fecerim
1768 4987 1887 5084 absque

266 5094 386 5195 mltum
408 5097 464 5196 uel
487 5095 673 5194 incultum,
706 5097 882 5208 constitutis
904 5099 1030 5200 cerritu
1118 5102 1229 5204 libello
1257 5099 1480 5209 pensionario,
1512 5095 1596 5168 banc
1629 5093 1754 5262 Cbarg
1787 5088 1885 5184 irrueret¹

1772 5214 1837 5262 va-
