4622 6140
481 441 602 526 ¹59·

781 401 1178 528 trutinum.
1227 402 1453 498 mnam
1496 404 1677 498 mr

1885 417 1972 506 '160

414 523 741 628 tellariasequidem
771 551 899 628 putans
921 531 1080 631 reliquas
1100 531 1183 607 duae
1211 539 1238 608 Α
1268 533 1394 600 Annos
1432 527 1548 628 Regni
1576 530 1621 603 ab
1648 527 1767 606 Annis
1801 531 1949 630 imperii
1976 527 2034 604 dio·

413 626 675 706 Coronationca
710 628 752 702 ad
784 631 1000 730 ‚amplissimi
1029 636 1178 710 ‘honoris

411 729 679 831 integritatem.
704 735 829 830 Quare
854 759 932 814 tum
961 743 1176 816 Romanam,

411 849 490 908 turn
519 835 685 912 Italicam
712 841 895 916 Coronam
933 841 974 915 ad
1010 839 1172 912 umbrati·

410 936 482 1010 lem
512 937 632 1034 potius
660 967 830 1042 pompam
855 941 978 1016 nostris
1007 936 1173 1034 tempori·

412 1037 475 1114 bus
496 1039 674 1118 redailam
696 1070 765 1118 non
786 1041 917 1138 injurii
936 1039 1048 1110 diras.
1068 1039 1174 1131 Quod

413 1142 491 1242 plut
518 1145 629 1222 etiam
657 1145 808 1228 mirere,
842 1143 864 1212 i
891 1138 1074 1214 nonnullis
1100 1144 1178 1214 Sac-

411 1244 504 1322 eulis
530 1250 589 1322 vel
614 1243 727 1340 ipsum
753 1265 885 1316 nomen
914 1239 1032 1314 italici
1063 1217 1172 1342 Regni

413 1346 590 1424 eranuiffe
625 1342 790 1436 videtur,
825 1339 919 1444 quafi
954 1369 1045 1418 unus
1079 1370 1175 1443 prae·

1268 627 1439 722 limitem,
1475 650 1516 703 ut
1541 630 1781 725 ostenderent,
1806 633 1841 708 se
1867 660 1907 708 ea
1936 653 2033 706 tene·

1269 758 1304 804 re
1330 731 1452 806 titulis
1476 733 1648 808 diversis.
1681 737 1844 810 Tandem
1871 739 1957 808 verb
1976 733 2035 807 ni·

1271 833 1322 906 bil
1349 831 1460 908 ferme
1486 835 1584 910 aliud
1608 837 1727 910 audiri
1762 861 1927 928 coeptum
1958 833 2033 926 eli,

1270 937 1374 1030 quim
1400 945 1585 1012 Romanam
1609 937 1806 1036 Imperium,
1832 939 1885 1012 ita
1911 958 1950 1010 ut
1977 939 2033 1039 jue

1269 1038 1382 1132 illud,
1418 1039 1513 1136 quod
1541 1041 1584 1114 ab
1622 1039 1788 1141 Augustis
1821 1059 2033 1130 exercetur,

1270 1165 1340 1212 non
1360 1142 1515 1230 amplius
1534 1145 1733 1242 appelletur
1751 1140 1944 1216 auetoritas
1965 1145 2036 1216 Re·

1269 1241 1323 1340 gis
1356 1244 1599 1336 Germaniae,
1635 1264 1697 1318 aut
1734 1244 1841 1344 Regis
1879 1241 2033 1336 ltaliae,

1270 1341 1324 1416 led
1346 1342 1492 1442 quidem
1519 1351 1761 1420 Romanorum
1784 1343 2031 1446 Imperatoris.

411 1445 637 1526 stantiffimua
674 1445 828 1524 Titulus
868 1445 1093 1542 imperatoris,
1133 1448 1178 1516 m
1215 1450 1242 1518 B
1271 1447 1502 1520 Statuendum
1530 1448 1846 1538 tamen'videtur,
1882 1445 1939 1520 uti
1966 1449 2034 1521 Re·

413 1550 543 1650 imperii
576 1551 747 1644 Romani,
784 1553 944 1646 Regnum
984 1547 1176 1638 italicum,

413 1653 505 1730 addo
538 1655 575 1730 dt
613 1651 892 1738 Germanicum,
932 1647 1177 1724 absorbuerit.

412 1757 621 1834 Ludnvicus
647 1753 792 1850 quidem
821 1748 964 1826 Pincia
995 1751 1177 1848 praecipue

413 1857 511 1948 fuit,
544 1853 611 1958 qui
644 1854 687 1932 in
721 1852 792 1932 suis
829 1852 1097 1951 Diplomatibue
1123 1852 1177 1928 in·

413 1957 563 2040 scribere
597 1956 633 2036 l'e
665 1957 771 2036 unice
806 1953 925 2051 coepit
965 1963 1180 2028 Romanarum

412 2066 655 2158 Imperatorem,
686 2057 927 2156 praetermillo
955 2057 1085 2132 Titulo
1110 2065 1191 2132 Re?

407 2161 462 2258 gis
486 2165 683 2236 Francorum
698 2160 746 2232 G·
763 2159 1068 2254 burgehardomm,
1095 2185 1137 2234 ac
1156 2157 1179 2230 fi

413 2260 779 2364 persuaderentur,
815 2285 859 2336 ea
889 2258 1074 2336 valiiffimi
1102 2261 1178 2358 ejus

413 2362 649 2454 Monarcleia,
671 2387 762 2460 quae
788 2361 954 2449 ltaliam,
971 2359 1179 2453 Franciam,
1205 2377 1254 2468 C'
1272 2361 1426 2461 Amiqo.
1452 2362 1585 2438 Eccles.
1614 2365 1778 2439 Ritibuc.
1799 2367 1859 2437 Ad

412 2496 454 2544 ac
529 2466 658 2543 tiorem
682 2462 896 2540 Germaniae
923 2483 1057 2560 partem
1082 2489 1177 2538 com·

414 2495 655 2670 meditarer,
681 2592 789 2670 uuam
813 2564 992 2642 ditionem
1014 2566 1176 2639 efforma-

413 2687 487 2744 tam
512 2666 642 2758 suite,
675 2694 767 2766 quae
799 2675 984 2744 Romanum
1011 2668 1179 2764 imperium

410 2771 669 2868 appellaretur.
692 2773 866 2846 Attamen
887 2787 962 2844 tum
984 2767 1078 2864 ipse,
1099 2788 1175 2842 tum

412 2871 486 2971 eiua
519 2870 763 2960 Sacerdotes,
798 2869 935 2972 ipfique
966 2870 1174 2950 Germanici

411 2971 577 3052 ‚Caesares
612 2997 674 3072 per
706 2975 817 3074 lmga
851 2981 1014 3073 tempora
1046 2970 1174 3050 diserte

1269 1548 1514 1724 illeille
1543 1547 1833 1726 ‘iiiiii‘
1846 1545 2034 1724 ,llil

1271 1747 1307 1824 so
1334 1751 1447 1825 titulo
1469 1706 1617 1852 ac‘jure
1634 1752 1762 1828 subelse
1789 1677 2033 1828 Rimanorum

1272 1855 1482 1950 Imperatori
1503 1853 1678 1956 Augusto.
1693 1855 1953 1930 Coronatinnis
1972 1881 2032 1928 au·

1271 1973 1342 2026 tem
1373 1958 1553 2029 Romanae
1581 1957 1706 2030 Ritum
1734 1955 1898 2053 eapreffit
1917 1953 2033 2030 erudi·

1273 2053 1421 2130 tillimue
1445 2060 1545 2132 l’ater
1564 2063 1730 2132 Mactene
1749 2055 1949 2132 Monachus
1968 2059 2032 2130 ue·

1273 2157 1472 2234 oedibiinue
1481 2159 1784 2262 congregationis
1798 2157 1918 2234 Sancti
1929 2163 2032 2234 Mau·

1270 2259 1324 2350 ri,
1360 2263 1481 2336 Tomo
1518 2266 1584 2346 Ill.
1621 2262 1705 2338 Lib.
1742 2285 1776 2338 a.
1810 2265 1901 2438 Cap.
1928 2261 2033 2438 9.(ἑί

1897 2390 1971 2438 ram

1271 2487 1365 2564 ego,
1398 2491 1490 2562 quae
1514 2466 1674 2542 delibavi
1700 2471 1720 2541 e
1746 2463 1883 2540 vetusto
1910 2465 2035 2541 Ponti·

1272 2561 1368 2642 finali
1395 2568 1509 2644 Libro
1542 2571 1674 2660 MSro,
1708 2567 1880 2644 exiliente
1915 2573 2034 2643 Lucae

1271 2667 1362 2765 apud
1385 2669 1478 2744 olim
1518 2673 1688 2748 Nobilem
1727 2671 1844 2744 virum
1880 2668 2036 2744 frideri-

1273 2793 1352 2842 cum
1379 2770 1653 2865 Lucnesrniun,
1671 2775 1708 2846 dr
1729 2790 1811 2845 anre
1828 2796 1939 2846 annos
1965 2769 2034 2846 fer·

1270 2893 1326 2943 me
1363 2871 1642 2978 quadringentoa
1678 2891 1851 2980 exarato.
1890 2871 1949 2950 lbi
1982 2875 2034 2948 le·

1270 2971 1418 3099 gebatur
