4602 6136
313 479 371 591 ις·
609 463 1167 560 orssnnrnrro
1217 461 1502 558 rrrnrns
1743 490 1799 566 2⁶

248 591 352 668 fuisse
374 588 642 668 condico-Nor
662 589 730 666 uni
749 584 830 662 vice
850 584 1013 662 sustinuit
1035 585 1070 660 A
1092 583 1153 677 fis,
1179 587 1311 683 aliique
1338 613 1410 662 non
1439 583 1540 688 pauci
1577 584 1761 665 Historici·
1777 621 1856 692 pro.

250 694 359 770 Italia
398 692 578 780 infandam
614 687 869 764 efferatiffintae
909 689 1013 791 hujus
1090 687 1197 760 dunt.
1233 691 1310 786 Ego
1348 715 1421 762 rem
1458 687 1607 764 innuisse
1644 710 1855 790 contentus,

250 794 367 896 gentis
393 795 661 870 crudelitatem:
690 815 770 864 nam
807 789 875 863 huc
902 789 1011 865 delati
1093 785 1198 861 latius
1238 786 1330 860 duco
1352 787 1517 883 referre,
1552 790 1640 889 quid
1680 792 1719 868 in
1756 813 1881 871 tanta'

249 896 393 970 circiter
417 899 564 971 Annum
590 891 722 968 Christi
746 894 926 966 DCCCC.
951 917 1008 964 va·
1090 913 1204 963 rerum
1240 888 1502 987 perturbatione
1537 893 1750 971 Mutinensis
1786 902 1856 974 Po.

248 994 314 1072 riis
339 996 485 1072 subinde
513 994 613 1068 annis
639 1021 716 1068 earn
744 1019 937 1085 vexavere,
960 1011 1006 1066 at·
1092 991 1192 1088 pulus
1219 989 1350 1090 egerit.
1379 989 1597 1066 Adservatur
1632 994 1670 1068 in
1696 999 1857 1075 Tabula·

249 1123 319 1196 que
341 1097 463 1172 omnia
490 1095 653 1170 caedibus
680 1121 720 1168 ac
743 1092 918 1169 incendiis
945 1092 1008 1166 rni·
1090 1089 1146 1164 rio
1172 1089 1567 1166 cathedrale-nostrae
1593 1097 1856 1195 antiquiffimus

248 1201 432 1274 l'cuerunt.
469 1202 588 1292 Quam
622 1197 737 1272 trucia
764 1195 913 1296 patrarit
940 1212 1005 1269 tru·
1090 1189 1216 1267 Codex
1252 1207 1334 1265 ante
1360 1189 1602 1294 septingentos
1638 1223 1747 1274 annos
1774 1202 1858 1279 scri.

250 1302 414 1374 culentus
437 1297 496 1373 hic
522 1300 674 1398 Populus
692 1296 731 1373 in
756 1296 884 1388 Italia,
906 1298 1007 1373 Liut·
1092 1310 1193 1396 ptus,
1217 1294 1280 1370 ubi
1304 1296 1472 1394 leguntur
1496 1293 1678 1397 sequentes
1703 1301 1855 1378 Versus:

251 1399 403 1502 prandus
431 1397 630 1491 Diaconus,
650 1398 834 1474 Annalilia
862 1397 1010 1474 Fulden·

354 1555 471 1652 DUM
497 1553 769 1628 PREMERET
796 1553 1036 1627 PATRIAM
1063 1549 1238 1622 RABIES
1264 1551 1581 1628 MISERABILIS
1608 1556 1794 1649 ISTAM,

353 1655 646 1730 LEUDOINUS
673 1657 881 1731 SANCTA
908 1653 1197 1728 MOTINENSI
1224 1651 1449 1725 PRAESUL
1478 1656 1535 1724 IN
1561 1657 1706 1730 AULA

257 1757 260 1764 '
350 1756 433 1829 HIS
459 1759 732 1831 TUMULUM
760 1759 964 1845 FORTIS,
990 1756 1057 1827 ET
1084 1753 1293 1824 ERECTIS
1320 1753 1523 1826 AGGERE
1575 1760 1761 1835 VALLIS

256 1847 264 1860 ’
353 1859 612 1931 FlRMAVlT
641 1859 826 1932 POSITIS
851 1859 1052 1931 CIRCUM
1078 1854 1467 1928 LATITANTIBUS
1494 1857 1679 1949 ARMIS,

354 1959 469 2032 NON
496 1961 711 2033 CONTRA
740 1961 969 2034 DOMINOS
995 1957 1223 2030 ERECTUS
1249 1957 1425 2028 CORDA
1452 1957 1695 2053 SERENOS,

355 2059 447 2134 SED
473 2061 615 2134 CIVES
643 2061 880 2136 PROPRlOS
906 2061 1120 2135 CUPlENS
1147 2059 1446 2131 DEFENDERE
1473 2059 1695 2136 TECTOS.

256 2208 521 2288 Animadverte
560 2209 640 2284 heic
682 2211 949 2306 Rhytltmicae,
989 2215 1024 2286 δι
1093 2202 1250 2302 Consellbe
1277 2206 1419 2299 Christi,
1441 2208 1498 2305 pie
1525 2210 1591 2281 Del
1611 2212 1758 2309 famule,
1790 2227 1791 2230 ’

256 2313 463 2405 Leoninae,
491 2329 531 2386 ut
557 2313 681 2413 ajunt,
705 2313 850 2388 poeseos
877 2340 1024 2388 concen·
1093 2309 1355 2398 OGemim'ane,
1381 2313 1536 2382 exorando
1554 2312 1723 2410 supplica,

257 2431 359 2505 tum,
386 2439 492 2514 quem
521 2413 720 2516 praeferunt
744 2415 782 2491 hi
809 2414 946 2491 versu's.
970 2416 1076 2490 De·B
1096 2418 1138 2483 Ur
1162 2411 1217 2480 hor
1232 2410 1427 2506 flagellum,
1447 2415 1531 2509 quod
1554 2441 1705 2488 meremur
1730 2420 1838 2517 miseri
1845 2477 1859 2517 ,

256 2511 305 2589 iis
332 2513 423 2590 mihi
460 2514 574 2591 sermo
599 2535 754 2593 recurret
790 2515 827 2590 in
857 2517 1022 2591 Disserta-
1095 2513 1257 2583 coelorum
1283 2512 1386 2608 Regis
1411 2518 1588 2585 evadamus
1608 2519 1744 2613 graeld.

256 2615 360 2692 tione
378 2617 651 2719 Quadragesrmn
673 2621 713 2690 tle
732 2620 930 2712 Rhyrhmiea
947 2627 1022 2691 Poe·
1098 2619 1183 2685 Nam
1207 2611 1317 2684 donus
1341 2637 1411 2687 eres
1435 2617 1569 2688 Attilae
1594 2622 1782 2716 temporibus

254 2715 307 2804 Ιὶ.
329 2722 417 2792 Sunt
441 2737 559 2794 autem
586 2718 702 2794 versus
726 2718 811 2819 ipfi,
836 2721 872 2792 ni
899 2718 1025 2802 fallor,
1097 2721 1211 2786 Portas
1231 2717 1403 2812 pandendo
1428 2717 1562 2790 liberare
1581 2719 1748 2809 subditos.

260 2817 469 2918 inscriptio·
488 2819 598 2919 polrta
632 2823 652 2894 b
688 2819 947 2895 Mutinensibus
983 2822 1024 2894 nd
1100 2821 1192 2887 Nunc
1217 2837 1247 2886 te
1273 2841 1437 2911 rogamus,
1464 2819 1539 2888 liele
1557 2820 1650 2911 servi
1670 2826 1816 2920 peffime',

262 2921 390 2992 Portas
424 2921 622 3011 Civitatis,
649 2947 735 3020 quas
768 2921 941 2993 Leodoinus
979 2929 1025 2994 E·
1100 2919 1861 3018 AbUNGERORUMnosdesendasjaeulie„

258 3018 405 3116 psswpus
439 3018 481 3092 ad
518 3018 656 3094 suorum
692 3021 841 3095 Civium
878 3025 1023 3096 tutelam
1101 3017 1233 3088 Patroni
1251 3017 1370 3106 summi
1392 3036 1515 3087 exorate
1532 3017 1660 3114 jugiter

259 3122 361 3193 vallo
388 3147 427 3194 ac
453 3147 578 3222 aggere
600 3121 798 3197 munierat.
822 3122 1023 3226 susceptum
1100 3117 1211 3188 servis
1231 3117 1325 3213 puris
1351 3117 1553 3216 implorantes
1578 3122 1770 3202 Dominum.

261 3221 284 3294 i
311 3219 499 3296 Leodoino
525 3221 708 3322 hocopus
735 3249 806 3296 non
841 3222 912 3298 fuit
944 3251 1019 3298 con·

261 3337 319 3395 tra
356 3320 585 3398 formidatum
623 3327 875 3425 Hungarorum
915 3325 1021 3425 impe·
1049 3345 1079 3416 C
1103 3317 1231 3393 Itidem
1265 3319 1432 3419 leguntur
1461 3320 1498 3396 in
1535 3322 1633 3424 supra
1664 3331 1862 3411 memorato

257 3440 364 3523 tum3
394 3449 476 3498 nam
506 3423 564 3498 bic
592 3423 849 3500 Mutinenfium
882 3426 1022 3526 Episco·
1101 3420 1236 3496 Codice
1262 3422 1326 3495 alii
1353 3421 1503 3515 Versus,
1530 3428 1658 3523 quibus
1692 3435 1862 3512 excubiae
1905 3523 1908 3528 ¹

258 3549 324 3624 pus
351 3525 481 3620 (quem
512 3524 729 3626 Silingardus
764 3529 799 3600 δι
837 3526 1024 3628 Ughellius
1102 3520 1312 3597 Mutinensis
1340 3523 1448 3598 Urbis
1475 3525 1516 3598 ad
1554 3527 1776 3627 vigilandum
1806 3563 1863 3609 ur.

162 3707 165 3712 ,
255 3625 1023 3727 Leodeindumappellant,quumtamenLen·
1102 3641 1248 3722 gentut,
1274 3623 1359 3698 dum
1388 3623 1498 3699 timor
1532 3629 1615 3701 essct
1643 3628 1779 3706 hostilis
1806 3635 1862 3710 inss

259 3726 416 3818 deinum,
444 3726 502 3802 seu
530 3731 722 3802 Leodolnum
750 3747 884 3804 veteres
914 3729 1022 3806 Char·
1102 3723 1237 3799 cursus.
1261 3728 1360 3799 Haec
1379 3744 1498 3800 autem
1517 3729 1558 3802 ad
1579 3731 1737 3805 eamdem
1758 3739 1862 3812 Hun-

260 3845 322 3900 tae
344 3827 555 3926 nominent)
582 3830 704 3905 vivere
723 3829 825 3906 denir
847 3848 930 3905 ante
949 3836 1022 3904 An·
1102 3825 1255 3924 garicam
1292 3828 1506 3927 procellam,
1534 3851 1573 3904 ut
1609 3831 1783 3932 suspicor,
1811 3841 1864 3914 re·'

210 3934 215 3942 '
257 3951 347 4000 num
395 3932 702 4006 DCCCXCVIll.
749 3958 822 4031 quo
867 3931 1023 4007 nondum
1103 3925 1269 4019 ferenda,
1304 3926 1343 4001 in
1383 3951 1659 4029 praememorata
1696 3937 1864 4016 Disserta.¹

259 4029 470 4129 Hungarica
494 4032 607 4108 rabies
634 4032 777 4108 ltaliam
810 4032 1025 4136 pervaserat.
1105 4027 1202 4118 tione
1224 4027 1495 4130 Quadragefirna
1518 4030 1561 4107 de
1584 4035 1739 4132 Rhytbm.
1761 4045 1863 4118 Veter.

260 4133 390 4228 ltaque
416 4129 501 4205 haec
527 4133 664 4228 peraeta
698 4135 744 4210 iis
770 4133 889 4210 Annis
915 4152 1025 4236 puto,
1103 4127 1194 4202 infra
1217 4128 1388 4229 accipies.
1409 4134 1577 4207 Ceterum
1600 4161 1709 4233 quum
1735 4138 1771 4213 in
1795 4141 1863 4217 im.

258 4230 391 4331 quibus
415 4232 628 4308 atrocissima
652 4236 744 4310 bella
762 4235 946 4313 fervebunt
971 4235 1022 4311 in·
1048 4247 1186 4328 npetu
1212 4230 1468 4306 efferatiffimae
1503 4233 1603 4310 illius
1628 4238 1745 4355 gentis
1775 4246 1863 4319 cele·

259 4347 316 4406 ter
351 4333 601 4435 Berengarium
637 4337 672 4409 ἅ
698 4337 926 4426 Guid0n0m‚
953 4339 1020 4438 eju·
1104 4329 1294 4406 berrimum
1330 4332 1543 4410 Mutinensrs
1570 4365 1645 4439 agra
1678 4343 1865 4418 Nonantu·

225 4497 228 4502 .
261 4431 348 4528 sque
382 4434 498 4510 lilium
536 4438 791 4529 Lambertum,
821 4439 865 4513 de
900 4442 1024 4538 Regno
1103 4435 1222 4506 lanum
1258 4433 1512 4510 Monasterium
1553 4437 1707 4515 flammis
1742 4445 1862 4518 datum

260 4531 392 4607 Italiae
427 4536 697 4613 contendentes.
733 4545 836 4635 Quae
862 4547 948 4614 verb
977 4538 1025 4614 se·
1102 4532 1240 4627 fuisset,
1260 4537 1462 4635 Leopardus
1482 4540 1604 4615 Abbas
1624 4541 1756 4615 sacrum
1776 4567 1861 4620 mort

261 4651 425 4735 quuntur
459 4635 498 4710 in
532 4639 654 4716 eodem
690 4641 848 4734 Codice,
875 4639 1025 4716 studium
1104 4637 1221 4712 locum
1242 4637 1414 4714 restituit.
1433 4641 1545 4739 Cujus
1563 4641 1615 4716 rei
1635 4643 1732 4715 testes
1752 4669 1861 4740 quum

261 4753 362 4810 certe
408 4736 620 4816 Mutinenfis
665 4743 795 4846 Populi
844 4762 1025 4844 arguunt,
1105 4736 1294 4838 Ughellius
1317 4743 1424 4815 Tom.
1451 4743 1497 4815 11.
1517 4745 1596 4815 Ital.
1621 4747 1711 4814 Sacr.
1736 4741 1774 4816 in
1794 4748 1865 4821 Ca·

261 4863 375 4936 quum
411 4865 471 4913 eos
498 4861 670 4940 premeret
705 4863 819 4920 metus
845 4844 1022 4944 Hungari·
1104 4845 1224 4939 calogo
1264 4839 1469 4942 Episcopor.
1510 4841 1746 4918 Placentinos.
1787 4856 1866 4922 tan:
1964 4889 1967 4896 -

263 4965 327 5012 cae
352 4941 730 5041 depopulationis.Ea
754 4947 801 5021 cst
826 4946 1025 5044 deprecatio
1105 4940 1290 5016 tummodo
1334 4941 1460 5016 innuat
1492 4940 1612 5014 literas
1647 4942 1761 5044 Sergii
1798 4939 1863 5026 nl:

264 5040 310 5114 sd
345 5041 511 5118 Sardium
546 5041 823 5137 Geminiannm,
852 5046 1026 5122 Civitatis
1104 5046 1238 5142 Papae,
1266 5067 1332 5144 ego
1358 5069 1415 5116 eas
1441 5067 1484 5114 ex
1513 5043 1768 5121 Nonantulnno
1795 5054 1866 5124 Ar.

265 5139 399 5218 nostrae
436 5149 652 5238 Patronem,
679 5143 736 5224 bis
772 5145 932 5224 Verfibus
967 5175 1025 5224 ex·
1095 5137 1209 5218 “bivo
1239 5141 1437 5242 depromtas
1471 5139 1635 5242 evulgare
1661 5143 1791 5223 statui.
1826 5152 1866 5230 si

265 5241 396 5352 prelia:
1699 5249 1818 5344 ercheq
