4560 6146
467 451 526 557 a,
776 431 1166 556 numinum.
1213 426 1657 526 MEDHAEVt
1905 457 1964 542 20·

408 566 534 657 tulus,
570 585 611 636 ae
645 554 801 660 dignitas
838 559 1096 658 Imperatoria.
1136 556 1175 630 id
1200 557 1308 630 Mus
1336 580 1408 629 non
1445 555 1547 648 pauci
1574 556 1617 630 ad
1656 557 1927 644 Pmuineiatum
1957 583 2019 646 eui

409 664 543 742 labium
578 661 626 740 est
659 666 732 736 An.
760 658 891 735 Clarilli
926 661 1071 734 DCCC.
1102 662 1171 734 Na·
1253 655 1423 756 llodiann;
1450 683 1491 730 ac
1518 677 1699 757 propterea
1722 662 1802 740 heic
1828 694 1874 744 ex
1899 669 2017 744 omni.

409 767 477 842 tali
506 766 564 842 die
599 760 776 840 Domini.
811 765 859 835 Et
888 758 1174 860 quandoquidem
1253 760 1315 832 bus
1353 757 1498 857 Populis
1534 762 1689 855 Carolo,
1723 765 1866 868 ejusque
1901 769 2017 848 soboli

409 866 573 988 potentia
588 864 746 957 ,Caroli,
773 860 913 966 ejusque
938 861 1173 964 posterorum,
1254 857 1439 959 subjeilis,
1462 860 1571 932 Gallis
1589 887 1738 964 nempe,
1762 872 1910 962 Noricis,
1929 875 2020 944 Thu·

409 996 451 1045 tn
491 969 621 1070 quibus
663 993 725 1067 per
768 966 901 1038 multos
945 989 1056 1038 annos
1099 991 1172 1058 per·
1254 962 1384 1058 ringis,
1418 963 1622 1055 Senonibus,
1656 971 1884 1064 memneris,
1911 978 2019 1046 Fran.

410 1071 554 1146 duravit
595 1065 748 1144 Romani
790 1063 963 1162 Imperii,
1003 1067 1049 1138 δι’
1079 1069 1172 1139 Lan·
1253 1064 1319 1154 cir,
1346 1061 1495 1162 aliisque
1521 1066 1686 1164 gentibus
1710 1069 1896 1148 constitere
1921 1101 2019 1150 com.

409 1172 592 1276 gobardiei
617 1168 732 1272 Regni
752 1165 931 1269 pollellio,
957 1183 1173 1257 tantaene,
1257 1168 1369 1248 plures
1398 1164 1597 1255 Familiae,
1625 1193 1774 1265 quarum
1810 1171 1949 1276 sanguis
1976 1177 2017 1252 in

399 1292 452 1350 ·ut
492 1291 690 1350 exterarum
730 1267 892 1368 gentium
930 1293 1057 1360 arma,
1103 1271 1169 1342 lta·
1256 1265 1460 1342 viventibus
1487 1267 1588 1342 Italis
1614 1269 1728 1344 adhuc
1755 1273 1928 1352 circulare
1954 1305 2016 1377 pu·

408 1375 497 1452 liam
525 1393 661 1450 tentare
693 1371 844 1448 minime
870 1369 1061 1462 auderent,
1086 1367 1172 1444 hine
1255 1367 1379 1444 tandus
1405 1368 1471 1442 cll.
1506 1368 1616 1462 Quod
1651 1372 1802 1458 mirere.
1838 1379 2016 1478 regnanti.

409 1481 504 1556 ultra
544 1494 686 1553 centum
721 1499 833 1548 annos
871 1469 1064 1547 invidenda
1103 1497 1171 1570 pax
1199 1463 1229 1536 B
1254 1469 1316 1543 bue
1339 1468 1607 1570 Langobardis,
1633 1473 1668 1544 δι
1698 1475 1862 1568 Francis,
1891 1483 2018 1558 velex

407 1581 446 1653 δι
480 1577 581 1680 quies
613 1576 685 1652 sere
720 1573 853 1672 semper
878 1571 918 1646 in
953 1572 1060 1646 Italia
1096 1597 1167 1670 per·
1253 1567 1332 1670 ipsis
1358 1570 1565 1672 longinquis
1589 1572 1663 1646 oris
1685 1572 1725 1648 in
1752 1573 1841 1650 hanc
1868 1581 2019 1656 Protin·

408 1681 579 1772 duravit,
615 1692 858 1778 praeterquam
894 1673 932 1746 in
972 1670 1108 1774 Apulia
1136 1675 1199 1746 &1
1253 1672 1345 1746 eiam
1378 1671 1515 1747 delatae
1550 1670 1631 1748 sunt
1669 1675 1908 1756 nobilisiimae
1943 1681 2019 1758 foe.

408 1783 603 1870 Calabria,
628 1801 736 1876 quam
762 1791 824 1850 aut
846 1771 999 1866 Graeci,
1026 1793 1087 1850 aut
1112 1777 1170 1848 Sa·
1254 1775 1390 1867 minae,
1416 1792 1457 1848 ut
1484 1771 1517 1848 se
1545 1771 1578 1848 se
1607 1777 1683 1848 Deo
1710 1775 1904 1874 sacrarent,
1931 1811 2019 1884 qua·

407 1882 527 1958 raceni
567 1876 762 1968 identidem
801 1875 910 1950 armis
944 1874 1074 1950 insellis
1111 1903 1169 1952 ve=
1251 1901 1328 1950 rum
1364 1900 1471 1950 unam
1505 1875 1551 1950 ab
1575 1875 1763 1953 oblivione
1795 1881 2016 1963 liberandam

407 2001 572 2084 xarunt3
609 1979 653 2054 de
690 1977 820 2078 quibus
854 1980 967 2054 multa
999 1977 1105 2052 habes
1135 2003 1170 2052 a·
1252 1974 1396 2067 censeo,
1421 1973 1563 2075 quando
1581 1977 1656 2077 ejus
1676 2004 1804 2054 nomen
1824 1985 1928 2059 nobi-s
1949 1985 2017 2062 ser.

408 2084 480 2184 pud
508 2081 823 2181 Erchempertum,
850 2083 1083 2173 Anonymum
1113 2083 1169 2154 Sa·
1251 2078 1353 2152 vavit
1376 2077 1559 2153 laudatum
1582 2103 1693 2180 nuper
1719 2080 1921 2160 Archivum
1939 2091 2015 2164 Lu.

408 2185 664 2273 lernitanum,
711 2181 749 2254 δι
793 2181 952 2254 Annales
997 2179 1171 2255 bertinia·
1252 2177 1357 2254 censu
1391 2177 1699 2280 Archiepiscopii.
1735 2187 1787 2259 Ea
1825 2185 1873 2262 ell
1905 2191 2013 2262 Adel·

408 2311 500 2376 nos,
539 2303 647 2383 atque
670 2281 781 2356 etiam
805 2281 846 2356 in
873 2280 1057 2358 Chronico
1081 2283 1171 2356 Vol·
1250 2283 1347 2356 enode
1376 2279 1460 2372 filia
1490 2283 1680 2356 Adelvaldi
1713 2287 1818 2384 Regia
1848 2289 2014 2388 Anglnse·

407 2383 589 2470 turnenfi,
625 2387 660 2460 δι
695 2380 895 2460 Calinenfi.
932 2383 1056 2458 frenci
1088 2409 1173 2484 ergo
1196 2388 1389 2474 Duorum,
1419 2407 1510 2480 quae
1535 2383 1769 2462 Monaslicam
1799 2387 1911 2463 vitam
1939 2395 2013 2467 Lu.

407 2487 497 2564 novi
523 2485 679 2584 hospites
700 2484 847 2576 ltaliae,
874 2509 988 2560 nouos
1013 2483 1172 2575 incolae,
1251 2511 1310 2560 cae
1329 2482 1474 2582 proselsa
1491 2483 1560 2578 ell,
1584 2484 1640 2562 uti
1657 2513 1702 2564 ex
1724 2487 1882 2588 sequenti
1901 2493 2014 2568 Char·

408 2607 452 2668 ttt
485 2587 596 2664 moris
629 2586 679 2662 ell
710 2585 1003 2686 dominantium,
1047 2589 1172 2686 Regno
1250 2603 1287 2660 ta
1313 2584 1511 2677 constabit,
1545 2613 1652 2686 quam
1687 2615 1732 2666 ex
1766 2591 2012 2691 antiquiffimo

408 2689 494 2764 huic
519 2689 755 2781 addiderunt,
788 2713 900 2785 quum
926 2687 995 2762 buc
1021 2713 1092 2760 non
1119 2686 1170 2761 so·
1251 2689 1414 2784 exemplo
1448 2686 1632 2768 adservato
1657 2690 1696 2766 in
1721 2692 1846 2770 eodem
1879 2695 2014 2772 Archi·

408 2791 485 2864 ium
524 2789 694 2866 Praesides
703 2839 723 2882 ,-
751 2789 914 2888 variique
946 2787 1172 2890 Magistratus
1253 2815 1297 2866 uo
1323 2787 1504 2891 descripsi.

407 2891 564 2968 Urbium
596 2889 844 2986 confluerent,
878 2888 937 2966 sed
968 2891 1007 2966 dt
1036 2889 1170 2968 exerei-

464 3069 734 3161 Conlirmatio
772 3069 967 3160 Ecclesiae
996 3074 1037 3158 dt
1068 3067 1300 3160 Monalletii
1339 3070 1473 3160 Sanbli
1513 3072 1707 3164 Dalmatii
1747 3079 1956 3194 Lucenfis,

553 3189 657 3276 salla
685 3189 710 3272 l
740 3189 1034 3302 Magniprando
1062 3189 1222 3278 Clerieo
1253 3193 1489 3276 Adelrrudee
1508 3195 1625 3308 filine
1653 3193 1869 3280 adelvaldi

821 3307 945 3424 Regis
972 3305 1311 3426 Anglosenonum,
1350 3313 1474 3394 Anno
1502 3317 1603 3420 782.

456 3505 494 3575 N
516 3500 581 3576 Dei
606 3499 749 3574 nomine.
775 3506 947 3598 Regndnte
972 3505 1095 3576 Domno
1117 3526 1166 3574 nu·
1249 3501 1294 3572 θ
1318 3498 1498 3574 bominibru
1521 3500 1621 3576 eidern
1647 3500 1783 3591 Eeclefie
1804 3505 2010 3604 pertinente,

473 3604 541 3693 siro
557 3604 677 3679 cerroto
692 3610 767 3680 Rex
784 3607 1000 3694 franconem,
1019 3604 1065 3674 θ’
1082 3609 1167 3676 Lan·
1249 3602 1293 3674 θ
1316 3603 1372 3674 vel
1398 3599 1576 3699 sneeeffores
1599 3628 1673 3697 ruo,
1706 3633 1798 3704 quern
1821 3629 1858 3680 tu
1893 3610 2010 3682 ibidem

397 3709 639 3802 goberdm,
682 3706 729 3776 θ’
762 3709 885 3776 Dumna
919 3705 1020 3792 nullm
1050 3705 1171 3802 Pipino
1247 3705 1473 3796 ordinaveris,
1502 3705 1584 3796 soris
1617 3709 1767 3804 expellere
1795 3710 1934 3807 potuerit
1958 3739 2012 3782 ere·

405 3805 490 3876 idem
516 3813 590 3878 Rex
615 3805 694 3897 filio
718 3802 814 3896 ejus,
850 3810 955 3878 Anno
987 3807 1099 3903 Regni
1121 3833 1168 3878 eo·
1246 3825 1299 3878 tre
1321 3833 1442 3878 omnem
1474 3833 1577 3878 meum
1601 3809 1744 3880 conludio
1773 3832 1831 3908 per
1850 3809 1932 3906 jura
1967 3812 2013 3884 li.

404 3931 476 3978 eum
500 3911 620 3997 Nono,
654 3906 700 3976 (θ’
722 3907 890 3998 tenendo,
924 3905 1026 4000 mense
1048 3913 1165 4004 Augu
1244 3933 1317 4004 gent
1340 3909 1387 3978 θ
1415 3905 1547 4002 justitia
1571 3906 1747 4007 (excepte,
1785 3933 1824 3984 ut
1846 3915 1946 4004 dixi,
1971 3914 2012 3986 de

396 4005 470 4100 sle,
492 4029 551 4106 prr
575 4007 753 4082 indiviam
768 4007 902 4106 quinte.
928 4009 1106 4100 Promitte,
1124 4019 1171 4081 θ’
1248 4008 1392 4104 qualivet
1473 4009 1582 4110 blico)
1622 4033 1660 4084 ur
1692 4037 1748 4109 ege
1781 4016 1881 4086 redde
1918 4019 2013 4087 vodle

404 4135 519 4182 manus
536 4137 636 4186 ntearn
648 4108 735 4199 [erio
752 4136 808 4206 ego
829 4109 1067 4209 Magniprand
1086 4111 1169 4185 Cle·
1247 4108 1386 4182 Solidos
1429 4109 1648 4206 eptinientos
1683 4113 1847 4205 Lucani,
1886 4117 1922 4188 δι
1953 4113 2011 4188 Pi·

404 4207 500 4284 ricus
524 4207 606 4286 filio
629 4208 810 4310 quondam
846 4211 1068 4314 Magniperti
1102 4203 1221 4284 eivtE
1247 4207 1348 4304 sani,
1380 4235 1462 4307 quer
1493 4213 1576 4284 mihi
1605 4215 1750 4307 dedilli,
1778 4215 1827 4300 fir
1852 4211 2011 4300 tamensi

403 4310 603 4386 Adetnuda
628 4317 718 4386 Saxa
745 4313 813 4388 Dei
834 4313 985 4406 aneilla,
1013 4313 1090 4388 lilia
1114 4317 1164 4389 A·
1244 4335 1304 4384 vot
1327 4312 1410 4384 mihi
1442 4316 1583 4387 reddetis
1615 4317 1809 4405 Menajlrrio
1844 4313 1909 4411 ipso
1942 4341 2012 4388 eune

403 4410 602 4504 delwaldi,
627 4412 691 4510 qui
719 4411 789 4488 fuit
817 4417 894 4490 Rex
920 4419 1167 4506 Santonorum,
1244 4415 1352 4486 nnrnie
1376 4415 1443 4503 ense
1467 4418 1514 4488 0·
1538 4443 1587 4488 res
1613 4420 1659 4488 (t
1681 4416 1843 4506 beminis,
1871 4417 1929 4490 ubi
1951 4441 2012 4490 vos

402 4617 518 4692 Seruili
536 4616 687 4692 Dalmati
697 4669 710 4708 ,
734 4617 792 4688 vel
807 4617 887 4702 rests
911 4617 957 4688 Θ
971 4620 1079 4694 omniu
1098 4644 1167 4709 res,

405 4718 451 4788 (7¹
474 4718 653 4792 bominibus
676 4718 794 4790 ibidem
823 4720 1086 4815 pertinentibus,
1112 4721 1169 4792 ubi
1245 4719 1436 4807 Rocbisrido
1461 4721 1603 4794 Clericus
1628 4721 1694 4819 ipse
1720 4721 1915 4812 insonellerio
1940 4747 2012 4792 eon·

404 4836 437 4888 te
459 4839 515 4913 per
546 4821 766 4898 atterenda
797 4819 987 4910 confirmavi
999 4877 1012 4908 ,
1045 4843 1168 4920 excepto
1271 4821 1402 4912 rennui,
1435 4821 1490 4914 ser
1523 4823 1570 4894 θ’
1604 4824 1670 4922 ipso
1684 4875 1834 4900 ........
1869 4821 2020 4917 exemple-

1244 4617 1421 4709 metionis,
1458 4642 1629 4718 perquem
1655 4620 1690 4690 in
1718 4645 1766 4692 me
1792 4618 1853 4720 tpfi
1885 4621 2013 4717 quidem

402 4513 667 4606 Oltramarini,
709 4513 749 4590 de
792 4515 932 4602 Ecclefia
977 4517 1169 4605 Monejlrrii
1230 4513 1434 4930 [rnfimevi
1457 4544 1525 4591 une
1555 4545 1625 4591 curn
1650 4517 1718 4615 ipsa
1742 4519 1865 4590 eerrute
1898 4517 2013 4612 confir·

404 4921 592 5014 Magnulo,
625 4948 718 5022 quern
739 4921 879 4996 liveram
910 4922 1045 5015 dimist,
1080 4923 1169 5008 urfi
1231 4923 1284 5038 lde
1309 4921 1375 5019 ipfir
1398 4931 1471 4995 dote
1494 4923 1540 4994 O·
1559 4925 1630 5022 ipse
1647 4923 1847 5018 firmationis
1864 4923 2009 5014 cartule,

402 5041 594 5116 quecumque
629 5029 717 5098 horno
755 5023 906 5120 (excepto
939 5026 984 5096 de
1021 5025 1168 5120 qualivet
1243 5045 1414 5121 perquem
1438 5025 1556 5098 vorin
1583 5029 1649 5124 ipso
1679 5021 1873 5108 MenaJlerio
1896 5021 2010 5116 confir-

398 5120 556 5222 puno)
580 5122 621 5194 ee
645 5125 716 5222 ipsa
743 5129 788 5204 o
812 5127 972 5222 curten,
1006 5127 1052 5199 o
1075 5125 1166 5222 een,
1231 5081 1362 5230 luent,
1394 5126 1496 5216 fimet
1530 5129 1575 5202 o
1609 5127 1670 5215 nn
1702 5121 1861 5222 pomisne
1876 5123 2014 5300 mmet·
