1313 1704
322 186 351 202 '1

293 208 362 235 ltalia
381 208 657 244 praesertim-universa
677 208 862 245 loeupleriffima
879 208 944 236 testis
965 209 1013 241 est,
1033 219 1108 247 qnae

293 247 404 282 quamvis
428 248 441 272 a
459 248 492 273 'te
514 253 565 272 tam
587 244 679 277 diffita,
702 245 795 272 summo
816 244 899 272 tamen
920 256 978 273 cum
991 245 1108 274 “honore

294 285 327 310 de
344 292 371 310 te
389 283 515 319 loquitur,
530 291 607 319 teque
626 283 784 309 amantiffime
802 283 917 319 suspicit,
932 292 1007 320 atque
1028 286 1109 316 mira-

295 328 349 348 tur.
369 321 468 349 Scilicet
491 321 530 348 illa
551 320 653 356 quidem
675 329 731 350 crum
750 320 880 357 voluptate
899 320 1109 357 semper-,melni-

295 360 349 389 nit,
365 366 416 394 quo
433 366 548 394 tempore
567 357 598 383 ad
617 366 663 383 nos
679 356 880 393 profestum-tum
901 358 1038 392 Religionis
1057 367 1107 385 ve-

295 404 337 422 rae
360 397 405 431 pio
427 392 517 421 animi'.
525 395 613 428 ardore
628 392 786 422 'documenta
801 395 916 430 {haufisti‚
936 392 988 422 firm
1008 396 1107 422 [olidae

296 434 399 461 Pietatis
420 422 582 458 fundamenta
599 428 692 465 iecisti,
712 431 829 467 exemplo
846 435 902 459 lane
922 431 1105 464 rrieiuorando,

296 469 367 506 quod
383 470 401 495 ii
422 470 511 500 etiam,
530 470 572 504 qui
591 469 659 505 sequi
677 472 702 496 &
720 470 811 496 imitati
833 479 883 496 non
903 470 1010 500 audent,
1030 474 1107 496 mira-

281 510 320 534 ·ri
338 508 421 533 ram'cn
440 508 465 533 δι
483 507 588 534 laudare·
600 515 653 536 nou
673 507 800 533 defluunt.
818 507 882 533 Mihi
901 516 1002 542 quoque
1021 507 1106 533 adhuc

298 544 443 575 obveisatur
458 544 507 570 oris
523 545 559 571 tui
575 543 693 577 majestas,
708 544 819 577 singulari
835 552 892 570 cum
907 545 1025 570 comitare
1043 552 1108 570 con-

297 582 393 616 juncta,
410 590 483 617 quam
504 581 618 608 Mutinae
638 583 716 608 Auno
736 581 896 608 MDCCXH.
916 581 960 607 lX.
982 581 1107 608 Kalendas

299 619 447 647 Decembris
469 619 547 645 oculis
571 619 639 644 meis'
655 618 760 653 excepi.
784 620 821 645 At
840 619 969 654 postquam
995 618 1106 651 Regium

298 656 418 684 Poloniae
434 656 568 682 Throuum
583 656 760 686 conscendisti,
775 664 872 683 tuarum
888 656 988 682 laudum
1005 656 1109 688 longius.

298 693 418 728 latiusque
444 691 508 719 fama
531 701 667 729 propagata
691 693 739 719 est.
763 693 884 719 Novimus
904 695 928 719 &
953 701 1014 723 nos,
1039 700 1105 727 quot

301 730 454 766 quantasque
474 730 587 757 Virtutes
607 731 632 755 in
653 729 819 765 arnpliffimurn
839 730 901 757 istud
922 731 1039 763 Regnum
1063 730 1107 754 in-

300 768 398 794 tuleris.
425 767 548 794 Novimus
568 767 637 801 (hoc
652 769 720 794 enim
739 769 765 794 in
785 768 898 793 omnium
919 768 1004 794 oculos
1025 767 1110 792 incur-

302 805 352 839 rit)
370 813 443 839 qnam
459 805 508 831 alte
525 804 620 831 radices
645 806 671 831 in
688 813 715 831 re
733 805 814 838 egerit
833 805 926 836 Pietas,
945 807 970 831 &
990 802 1110 830 Sanssiffi-

303 850 357 868 mae
381 842 519 875 Religionis
542 850 627 868 amor:
649 850 713 877 quae
736 843 833 877 prima,
855 844 880 868 δι
905 843 977 877 supra
1000 842 1107 876 reliquas

304 877 437 906 neceffaria
463 880 488 905 in
508 880 623 914 Principe
645 880 695 905 laus
717 879 764 906 est.
784 879 892 905 Accedit
916 879 1060 905 Humanitas
1082 879 1110 903 ὅτ

303 916 444 943 Clementia
466 916 605 949 fingularis,
626 924 689 951 quae
713 924 796 942 tamen
823 917 929 942 amicum
948 916 1033 950 jandiu
1055 914 1109 941 foe-

304 953 349 980 dus
370 954 427 980 iniit
446 962 503 979 curn
522 953 581 979 cura
603 953 733 988 studioque
752 953 874 989 Justitiae.
894 954 981 989 Atque
999 953 1045 979 hac
1066 952 1107 979 vii

304 990 463 1027 praesertim,
481 991 575 1016 animos
592 991 764 1018 universorum
780 991 928 1021 Procerum,
947 990 1108 1025 Populomm-

306 1031 356 1063 q‘ue
374 1035 427 1054 tum
445 1027 577 1058 Poinniae,
595 1034 648 1054 tum
666 1027 829 1059 Lirhuaniae‚
846 1028 892 1054 tibi
911 1029 945 1054 ita
964 1028 1108 1059 devinxisti‚

305 1073 333 1091 ιιι
351 1065 399 1099 jam
415 1065 520 1101 quisque
541 1065 670 1094 immemor
690 1066 838 1101 praeteritae
856 1065 1007 1096 discordiae,
1025 1073 1109 1091 amore

307 1110 365 1136 erga
384 1109 410 1128 te
424 1104 448 1129 &
466 1102 585 1138 obsequio
600 1109 681 1128 certet
697 1111 753 1129 cum
771 1102 881 1138 Populis,
896 1103 982 1138 quibus
998 1103 1051 1136 jure
1068 1102 1112 1127 he-

307 1139 428 1166 reditario
446 1139 592 1166 dominaris.
612 1138 654 1166 Ad
673 1139 734 1166 haec
750 1140 880 1174 pulchrum
898 1140 933 1166 est
949 1140 1040 1166 intueri
1057 1146 1113 1165 tan-

309 1184 360 1203 tam
372 1178 398 1203 in
416 1176 548 1203 altitudine
562 1175 678 1203 fortunae
696 1177 854 1209 Modestiam‚
868 1180 892 1205 &
909 1174 1048 1213 praecipue
1059 1176 1112 1203 Mna

308 1213 478 1248 gnificentiam
501 1214 565 1240 illam
589 1214 826 1249 incomparabilem,
848 1223 922 1251 quam
947 1214 977 1241 ab
1002 1214 1112 1250 inclytae

309 1252 452 1278 memoriae
466 1251 642 1279 AUGUSTO
662 1252 747 1285 Rege,
769 1261 874 1288 parente
892 1258 951 1284 tuo,
969 1252 1047 1280 veluti
1067 1259 1113 1286 pet

312 1289 475 1315 hereditatem
492 1288 618 1324 accepisti.
639 1290 712 1317 Hanc
731 1290 822 1325 ubique
841 1291 916 1326 spirat
935 1290 1032 1323 Regalis
1047 1289 1114 1316 Aula

312 1335 369 1358 (ιη,-
389 1330 471 1354 omnia
488 1327 523 1354 ibi
547 1327 689 1363 splendida;
708 1329 793 1355 omnia
814 1328 949 1356 admirabili
968 1327 1058 1353 ordine
1078 1326 1115 1353 did

1019 1363 1087 1393 spofita
