4628 6148
500 469 595 554 Ἥ,
780 409 1748 562 occcttTa'TcothucToc,
1915 433 2008 549 320·

487 684 714 780 Gutictitcii
743 665 897 774 sortasse
926 679 1062 773 Tertii
1093 663 1280 799 Principis
1311 645 1548 773 salernitani
1580 657 1788 800 Diplome,
1818 698 1885 804 pet
1916 687 2024 804 quod

698 809 911 892 Genuum
941 801 1483 1010 Epikopqnhppnpiqlgucei
1515 802 1642 890 mulce
1671 805 1813 916 donoc,

443 1157 531 1346 IN
548 1127 678 1234 ⁸storninc
718 1156 784 1230 Dei
817 1155 862 1226 θ
896 1160 1081 1235 salvatoris
1118 1158 1272 1248 noslriA
1303 1137 1416 1252 tibus,
1451 1135 1652 1256 omnibusque
1671 1129 1743 1250 suis
1765 1129 2063 1256 pertinentiis,'&

509 1271 541 1356 J
543 1263 593 1358 esu
618 1259 764 1348 Chrisli.
802 1261 871 1329 Nos
896 1261 1126 1354 Guaintarius,
1160 1261 1211 1332 di·
1304 1289 1370 1332 cum
1396 1262 1461 1335 hice
1485 1267 1525 1333 cie
1551 1261 1614 1340 biis
1642 1261 1734 1352 suis.
1770 1267 1834 1330 Seu
1861 1261 1905 1328 θ
1930 1263 2064 1332 concedi·

442 1367 528 1440 vind
565 1367 746 1460 opitulante
784 1361 951 1434 clementia
987 1369 1210 1462 langobardo·
1304 1391 1372 1435 mus
1398 1365 1432 1436 in
1456 1363 1526 1458 jam
1551 1361 1672 1436 dilium
1693 1361 1838 1453 sanilam
1864 1365 2003 1452 Sedent,
2030 1381 2066 1432 us

444 1495 515 1539 rum
538 1464 647 1562 gentis
680 1463 852 1560 Princeps,
884 1485 942 1561 pro
975 1493 1078 1540 amare
1112 1470 1211 1541 omui·
1302 1467 1395 1538 liceat
1417 1474 1495 1566 pars
1531 1463 1628 1562 ipsius
1653 1461 1809 1555 Ecclefie,
1845 1461 1973 1558 essesque
1999 1467 2065 1534 Re·

440 1566 581 1668 potentis
606 1567 693 1656 Dei,
716 1563 893 1662 salutisque
917 1569 1044 1660 anime,
1074 1571 1122 1642 θ
1145 1576 1209 1646 Pa·
1302 1568 1458 1640 flueren
1486 1569 1550 1666 ipsa
1568 1567 1676 1662 flabio
1700 1566 1786 1636 Siler
1810 1575 1857 1637 da
1883 1565 1951 1662 ipsa
1971 1585 2065 1661 parte
2157 1569 2160 1575 '

444 1670 505 1743 trie
530 1667 629 1757 uoslte
653 1665 873 1758 salvationis,
909 1673 1005 1767 quim
1031 1671 1076 1742 tl·
1107 1675 1207 1772 peslu-
1303 1670 1336 1740 in
1360 1669 1458 1766 supra
1483 1669 1577 1766 usque
1602 1669 1792 1741 in..·...de
1819 1667 1888 1762 ipsa
1910 1666 2067 1740 alimenta

442 1771 593 1845 lationem
612 1769 656 1840 lu
680 1769 915 1861 obsecrationem
936 1773 1091 1874 Purpnre
1110 1775 1209 1851 Prin.
1301 1773 1441 1868 qualiter
1466 1773 1613 1861 intrare,
1651 1771 1684 1841 in
1713 1767 1777 1866 ipss
1801 1769 1887 1840 Silet
1913 1768 1988 1862 jorn
2012 1769 2067 1840 di·

445 1871 565 1973 ciplffe
591 1863 705 1945 dileile
737 1869 883 1969 conjugis
916 1875 1036 1966 nolite,
1071 1881 1210 1952 concede·
1300 1873 1347 1946 iio
1374 1873 1482 1967 flubio
1515 1871 1693 1964 tlctsatnirta
1726 1869 1828 1961 sacete
1852 1869 1897 1939 (θ’
1921 1870 2062 1962 babere,

444 2001 514 2048 mus
540 1973 585 2046 Θ
619 1967 837 2064 confirmamus
872 1975 906 2046 in
943 1975 1084 2062 Ecclesia
1101 2003 1104 2012 ·
1120 1983 1214 2055 Venti
1298 1975 1438 2072 qualiter
1470 1974 1634 2048 valuerint
1660 1975 1705 2044 tl·
1738 1972 1795 2046 ubi
1813 1971 1991 2060 ,voluerint
2026 1971 2061 2044 in

444 2075 621 2149 Michaelis
646 2073 828 2168 ulrcangeli
844 2073 914 2162 fita
939 2079 972 2150 iu
993 2083 1128 2172 Monte,
1155 2085 1212 2180 qni
1242 2065 1379 2194 quipis
1401 2077 1541 2172 ejusdem
1568 2075 1722 2170 fluminis
1746 2079 1770 2146 a
1795 2074 1917 2162 refina,
1954 2075 2000 2143 (9¹
2024 2097 2063 2144 ete

444 2179 565 2296 dicitur
590 2183 722 2296 Aureo,
747 2179 771 2246 ὸ
790 2173 885 2296 supet
902 2177 1011 2274 flabio
1034 2181 1211 2276 Tusciano,
1279 2179 1360 2318 iimo
1380 2179 1483 2270 sarcre
1507 2177 1553 2249 Θ·
1578 2175 1690 2250 habere
1724 2197 1790 2296 rqm
1813 2177 1851 2295 'in
1880 2175 1944 2263 isla
1969 2195 2063 2294 paptr

408 2392 412 2400 ·
443 2277 1211 2482 iuciipilpimpilii'iriiis'pliiii?
1297 2279 1365 2453 {ll
1372 2281 1491 2454 ciii
1505 2276 2062 2478 ’ccliii-‘ie'ini'i’ps'uiii

445 2484 490 2554 tie
510 2480 596 2576 sacri
622 2477 718 2569 naslei
743 2481 871 2552 Palatii
894 2483 934 2554 de
961 2485 1213 2565 veteraria...
1296 2483 1392 2554 liceat
1423 2505 1498 2581 pars
1536 2483 1633 2584 ipsius
1659 2481 1822 2582 Episcopii
1852 2481 1993 2552 domim
2018 2479 2062 2552 ὰ

438 2585 547 2682 flubio
572 2583 680 2676 Siler,
706 2583 762 2656 nii
778 2585 909 2680 ‘proprie
934 2611 1043 2658 nomen
1062 2589 1210 2662 Pirritel·
1275 2585 1477 2677 aucuerre,
1512 2585 1673 2682 omnesque
1703 2585 1829 2656 illorum
1862 2581 2064 2678 utilitatibus

446 2693 499 2777 lo,
525 2685 678 2773 dicimus,
704 2683 761 2781 qui
779 2683 1061 2786 fitur.....ipsis
1084 2717 1206 2784 vacue,
1296 2701 1353 2782 per
1386 2686 1452 2784 ipso
1488 2685 1592 2782 plubia
1620 2703 1746 2784 portare
1779 2686 1815 2757 itt
1848 2685 1911 2760 illa
1941 2705 2061 2782 parre,

443 2788 504 2857 (φ’
519 2783 616 2874 silisis
639 2809 702 2862 uno
727 2787 865 2860 seniente
895 2807 953 2886 per
979 2790 1033 2862 hoc
1058 2791 1145 2882 finis
1168 2795 1209 2866 de
1300 2788 1352 2876 (9⁹v
1386 2789 1527 2861 reducere
1569 2793 1614 2862 at'l
1658 2785 1718 2876 isla
1758 2808 1881 2885 parre,
1924 2787 2064 2884 qualiter

444 2882 773 2988 pede.....Ctipre,
791 2889 851 2986 qui
871 2889 917 2977 est
934 2891 1032 2990 super
1046 2893 1103 2964 Iria
1129 2903 1207 2970 Car·
1298 2911 1376 2986 parc
1403 2887 1501 2988 ipsius
1536 2887 1672 2978 Ecclesie
1706 2890 1866 2964 voluerit.
1902 2891 1976 2962 Has
2000 2915 2064 2962 osen

441 2991 558 3083 narie,
586 2989 620 3062 in
647 2993 766 3060 orode
790 3013 922 3090 tempu,
948 2999 1004 3090 qui
1027 2993 1147 3065 dicitur
1167 3001 1210 3068 de
1235 2951 1268 3026 c
1296 3017 1351 3062 nec
1369 2989 1574 3089 supradiilas
1598 3021 1647 3068 scs
1669 2993 1884 3088 concessiones,
1910 3013 1948 3062 ut
1968 2991 2062 3089 supr·

448 3094 582 3182 Calore,
618 3090 663 3162 θ’
687 3092 729 3166 ab
765 3089 834 3188 ipsa
867 3093 985 3188 Cripta
1016 3092 1210 3170 reilum'dc-
1298 3117 1365 3164 trus
1388 3091 1510 3166 diiiurn
1535 3093 1601 3188 esi,
1634 3119 1712 3194 pers
1747 3093 1845 3191 ipfius
1868 3092 2061 3191 Episcopii,

443 3193 610 3284 scendente
636 3193 669 3262 in
708 3192 777 3290 ipsa
802 3193 879 3282 bia,
914 3196 975 3263 θ’
990 3199 1212 3292 prevaricante
1295 3191 1421 3292 ejusque
1446 3194 1594 3268 Rectius
1616 3203 1728 3269 amodo
1756 3197 1800 3266 <J
1825 3195 1946 3292 semper
1974 3195 2063 3286 sectr-

449 3293 519 3390 ipsa
552 3293 628 3383 bia,
661 3293 706 3360 Θ
734 3291 849 3363 teilurn
872 3314 1018 3390 pergente
1051 3297 1084 3370 in
1117 3301 1213 3372 Pullo
1296 3294 1374 3364 riter
1397 3295 1598 3384 halendum,
1622 3297 1873 3378 dominandum,
1905 3296 2062 3390 poffidtn.

442 3393 600 3485 Minore,
636 3393 681 3463 (ν’
704 3393 899 3487 trabersante
924 3395 990 3492 ipso
1014 3397 1130 3490 Pullo,
1166 3402 1211 3472 (J
1295 3393 1400 3485 dunt,
1426 3395 1471 3465 θ’
1494 3394 1602 3469 omnia
1627 3393 1741 3466 exinde
1760 3391 1964 3482 sacie'ndum,
2000 3419 2060 3488 qur

448 3495 564 3568 reilum
596 3511 743 3594 pergente
768 3496 802 3568 in
828 3497 895 3570 alia
929 3499 1025 3568 Pullo
1059 3499 1209 3594 Majore,
1296 3497 1479 3570 voluerint.
1505 3499 1553 3568 Et
1577 3499 1600 3568 i
1626 3489 1737 3584 noslris
1762 3499 1794 3584 J
1795 3491 1957 3584 codicibus,
1995 3499 2058 3564 Co.

449 3599 495 3670 θ
508 3621 566 3698 ρνν
585 3597 650 3696 ipso
669 3599 764 3668 Prelio
784 3598 921 3689 saliente
938 3597 1033 3694 usque
1051 3599 1127 3692 bia,
1152 3603 1209 3698 qui
1295 3595 1451 3686 mitibus,
1486 3593 1690 3690 Caslaldeic,
1723 3596 1828 3667 vela
1861 3591 2059 3692 quibuscum·

447 3699 553 3796 pergit
575 3701 621 3772 ad
646 3697 852 3770 Labandnre'a
876 3699 990 3769 Sanili
1015 3705 1186 3776 Laurentii
1192 3733 1214 3796 ,·
1297 3723 1356 3796 que
1375 3694 1544 3798 agentibus
1570 3701 1662 3773 nulla
1687 3697 1762 3774 inde
1785 3717 1863 3792 pers
1888 3695 1986 3792 ipfiuc
2010 3699 2061 3768 Et·

451 3801 496 3872 &
520 3795 714 3890 tralersante
740 3796 808 3894 ipsa
825 3797 907 3890 via,
933 3799 978 3870 Ο·
997 3801 1135 3894 saliente
1156 3827 1214 3904 per
1295 3799 1451 3898 piscopii,
1476 3799 1604 3898 ejusque
1629 3797 1776 3876 Reiiores
1799 3797 1971 3895 patiantur
1995 3821 2061 3868 mo.

450 3899 622 3998 Aquario,
648 3895 764 3971 tellum
786 3919 934 3996 pergente
959 3902 993 3974 in
1016 3903 1080 3976 tibi
1104 3911 1207 3982 Dono.
1237 3870 1272 3942 D
1297 3891 1511 4002 leslariones;
1539 3902 1598 3997 scd
1622 3905 1733 3976 amodo
1760 3901 1805 3972 Θ·
1827 3903 1972 3996 deinceps
2004 3921 2060 3996 per
2135 3931 2137 3934 ·

450 4004 548 4095 collo,
582 4001 629 4073 Θ·
649 4021 707 4098 pet
732 4001 796 4099 ipso
821 4002 886 4074 tibi
910 4003 1092 4096 ascendente
1115 4007 1211 4105 usque
1268 4004 1350 4075 ‘boc
1376 4001 1510 4092 nostrum
1536 4007 1691 4076 roboreum
1717 4009 1899 4097 Preceptunt
1915 3999 2058 4073 cunilam

442 4105 530 4196 lia,
555 4103 613 4203 qui
633 4105 741 4202 pergit
763 4105 808 4178 ad
830 4105 965 4197 autin,
992 4108 1039 4178 Θ
1059 4131 1117 4206 per
1142 4111 1212 4207 ipsa
1257 4113 1259 4118 ’
1298 4107 1431 4194 noslram
1455 4101 1663 4208 conceffioitem
1693 4127 1774 4206 parc
1807 4101 1904 4200 ipsus
1927 4101 2057 4198 Episcoa

449 4206 728 4303 dispergentibus
754 4207 789 4278 in
812 4209 959 4307 pestibus
983 4211 1213 4306 Septentrionic
1294 4205 1380 4302 pii,
1397 4204 1523 4303 esusque
1549 4203 1717 4296 Reilores,
1749 4205 1807 4296 seu
1828 4201 1929 4288 veslro
1955 4197 2057 4273 nomi·

448 4306 542 4404 usque
561 4305 719 4396 Bellone,
739 4307 795 4402 qui
811 4309 969 4400 descendit
986 4337 1061 4407 erga
1078 4335 1212 4410 tempu,
1296 4333 1333 4376 ne
1365 4307 1479 4379 habere
1513 4309 1558 4380 Θ·
1587 4309 1737 4406 possidere
1768 4305 1882 4378 ualeat
1916 4305 1952 4376 in
1982 4303 2057 4399 jau

447 4408 504 4507 qui
530 4405 651 4480 elicitur
681 4407 723 4479 de
757 4407 950 4502 Etverusse,
979 4411 1024 4480 θ
1053 4433 1113 4514 per
1146 4413 1211 4509 ipso
1294 4405 1383 4482 attia
1404 4407 1603 4502 discretione.

444 4511 571 4586 betlone
594 4507 794 4598 descendente
817 4509 862 4577 (θ’
888 4507 1150 4607 conjungentese
1175 4513 1210 4589 in
1249 4599 1252 4607 Ι
1346 4511 1443 4604 Quod
1473 4536 1549 4582 vero
1585 4515 1768 4606 Preceptttnr
1800 4507 1993 4602 conceffianic
2017 4535 2054 4580 etc

441 4633 511 4685 ortt
534 4613 575 4682 dc
598 4629 729 4706 campo,
763 4607 820 4703 qui
844 4608 963 4682 dicitur
994 4613 1035 4682 de
1067 4614 1208 4703 Calore,
1294 4609 1424 4703 iussione
1450 4610 1635 4708 supradiiie
1667 4611 1837 4700 Poteslatis
1864 4609 1977 4706 scripst
2001 4635 2057 4706 ege

445 4715 490 4785 Θ
526 4733 585 4808 per
621 4711 687 4808 ipso
725 4730 791 4780 orto
827 4711 1025 4800 descendente
1064 4715 1099 4784 iu
1140 4713 1209 4812 ipsa
1295 4714 1488 4785 Romoaldus
1512 4711 1552 4790 in
1578 4717 1687 4814 Sagro
1716 4713 1880 4803 Palatio,
1917 4712 1951 4782 in
1977 4718 2055 4784 An·

445 4816 589 4910 Cripta,
624 4811 682 4910 qui
713 4809 757 4897 esi
786 4811 892 4907 priore
917 4809 1009 4904 fine.
1044 4819 1116 4886 Hac
1147 4841 1201 4886 ve·
1228 4781 1256 4850 E
1294 4841 1332 4884 no
1358 4816 1475 4888 XXII.
1510 4815 1718 4912 Principatus
1736 4813 1917 4910 suptadiili
1941 4811 2055 4885 Domi.

443 4940 478 4984 to
513 4941 559 4986 res
589 4935 646 5011 per
673 4911 747 5008 jam
781 4909 883 4983 diilos
904 4911 993 5006 finis
1025 4935 1125 4986 totum
1161 4916 1205 4985 (Ψ
1292 4915 1328 4984 ssi
1346 4915 1530 4990 Guaimarii
1542 4915 1688 5012 gloriosis
1702 4915 1884 5010 Principis,
1909 4916 1951 4985 de
1969 4935 2053 4987 merc·

443 5015 590 5096 intritum
635 5015 669 5086 in
705 5013 864 5110 ptesatam
900 5013 1047 5107 sanilam
1089 5019 1203 5086 Sedem
1291 5014 1321 5102 se
1335 5015 1482 5109 Julius,
1508 5015 1685 5090 indiiiitne
1709 5013 1848 5089 onuba.

442 5117 653 5218 ctuccffirqus,
678 5141 746 5187 cum
772 5115 915 5190 omnibus
939 5115 1083 5210 insenso
1106 5119 1201 5194 aben·
1921 5191 1926 5202 ,

1942 5223 2001 5295 Ac
