4628 6148
504 445 592 558 '2'71

803 421 1209 550 ANTIQUJT:
1252 421 1484 516 Mens!
1536 415 1714 514 Aer!
1917 437 2007 546 272'

441 551 733 652 perfruamini&
748 547 826 626 dum
849 551 1023 640 mnfleterit
1040 549 1144 636 nostra
1160 553 1212 621 he-
1241 549 1274 622 A
1299 545 1689 644 lngelaeda,·clcmeutid
1714 539 1781 620 Dei
1802 543 1971 644 Conltt'ffa
1995 575 2064 622 cum

444 657 583 730 reditate
608 657 644 730 itt
669 653 907 753 quibuscumque
928 653 1109 723 nominibus
1129 657 1209 726 car·

443 777 551 832 tarum
569 757 740 844 nostrarum
752 757 798 826 ad
807 752 1067 850 supradiblatum
1086 779 1208 844 retente,

442 857 638 950 edificiorum
650 879 818 928 mnnmnnoo
832 855 987 926 innovare
995 881 1016 942 ;
1033 873 1091 927 aut
1108 879 1206 950 mean·

442 960 483 1031 do
499 958 668 1030 enlnaitis
684 957 739 1028 vel
753 955 943 1052 potueritis,
966 957 1131 1028 licentiam
1149 955 1205 1028 ha·

441 1061 545 1131 beatio
579 1059 614 1130 in
639 1057 804 1150 omnihus,
834 1057 936 1150 salva
967 1077 1073 1130 tannen
1097 1083 1208 1131 annun

437 1159 586 1257 pensione
607 1163 653 1234 D.
673 1163 728 1232 Μ.
747 1165 788 1234 C.
806 1165 857 1233 A.
881 1159 1007 1230 omnino
1024 1159 1204 1258 persolver-

438 1262 517 1332 dunn
542 1279 662 1360 queat,
690 1259 765 1332 inde
788 1261 996 1358 pertinuerit.
1032 1265 1082 1332 Et
1112 1261 1207 1334 liceat

439 1363 504 1434 tihi
522 1361 734 1460 suprascripto
749 1359 829 1454 filio
851 1389 917 1434 meo
933 1367 1028 1434 Petro
1050 1383 1108 1459 per
1124 1363 1207 1434 hanc

438 1465 610 1538 Canalem
627 1467 650 1535 d
667 1489 716 1534 me
734 1463 769 1536 in
787 1483 820 1534 te
836 1461 959 1553 [allam
978 1463 1013 1536 in
1031 1461 1118 1560 ipsas
1134 1487 1204 1554 res,
1238 1457 1267 1528 B

436 1589 517 1664 quas
532 1565 680 1663 superius
701 1565 890 1656 nominavi,
915 1564 1046 1636 introire
1068 1565 1113 1635 θ’
1131 1564 1198 1661 pos·

429 1665 535 1752 fidere
549 1719 711 1741 .......
745 1666 923 1763 legitimam
947 1665 994 1736 Θ
1018 1667 1202 1764 corporalem

435 1769 661 1860 traditionum,
688 1766 762 1855 fine
786 1767 873 1838 mnni
897 1793 983 1858 meo,
1009 1791 1203 1864 meorumque

436 1869 583 1942 heredum
607 1870 664 1942 vel
686 1870 868 1968 aliquorum
889 1869 1042 1958 ohllaculo
1062 1869 1119 1940 vel
1142 1870 1199 1940 im·

431 1973 631 2067 pedimento.
659 1969 760 2058 esest
783 1973 961 2068 quempiam
983 1969 1198 2068 persona....

435 2074 491 2142 vel
515 2073 641 2144 heredes
664 2074 706 2143 de
737 2071 891 2168 predihlis
915 2075 1006 2142 rebus
1039 2099 1078 2142 erc
1108 2091 1201 2168 parte

435 2173 491 2242 vel
517 2199 555 2242 cn
578 2189 679 2242 toturn
705 2173 876 2267 expellere,
901 2173 957 2243 vel
982 2173 1124 2268 qualibet
1148 2201 1198 2247 ca·

436 2271 562 2352 lumnia
590 2295 742 2368 generare
775 2273 934 2362 noluerit,
969 2299 1024 2370 ego
1055 2271 1200 2370 prediblo

436 2375 632 2472 lngelarda,
655 2373 721 2445 Dei
743 2373 956 2465 misericordia
963 2427 1074 2448 .....
1101 2377 1200 2448 dona·

436 2479 503 2546 trin
521 2495 600 2565 tua,
626 2501 693 2546 una
711 2501 779 2546 cum
796 2483 904 2548 ceteris
920 2475 1085 2548 heredihntt
1102 2475 1199 2566 meis,

436 2597 468 2648 te
484 2575 704 2674 supradillunt
722 2582 852 2648 Petrum
868 2575 946 2667 filio
970 2603 1055 2668 tneo,
1076 2578 1201 2674 tuisque

436 2679 624 2767 hcredihut,
647 2699 705 2774 pro
727 2677 881 2774 predillit
905 2681 1018 2770 rehut,
1049 2699 1086 2750 ut
1104 2680 1197 2775 supe·

436 2779 505 2850 rius
537 2779 657 2852 dilium
683 2777 747 2868 est,
783 2779 818 2850 in
853 2779 995 2852 omnihus
1019 2779 1128 2868 stare,
1156 2781 1199 2849 Θ

435 2879 596 2974 defensare
608 2881 761 2976 promitto
776 2879 862 2978 ipsas
880 2905 928 2950 rer
943 2881 977 2950 in
993 2901 1200 2978 perpetuum:

437 2981 588 3056 eonducta
608 3009 741 3079 namque
766 3007 815 3052 rot
836 2983 914 3054 dum
940 2982 1145 3054 hereditatem
1162 3009 1200 3052 ere

435 3101 451 3152 t
452 3135 611 3158 .......
636 3081 851 3174 constituerit,
884 3087 968 3182 quod
994 3083 1091 3180 super
1115 3082 1197 3169 abste

436 3185 480 3256 ΕΓ
497 3204 627 3256 mat
642 3184 761 3254 divina
779 3185 943 3278 potentia,
964 3185 1009 3254 θ
1027 3187 1061 3255 itt
1087 3178 1213 3283 aliqua}

434 3282 641 3367 controversia
675 3305 759 3354 mora
783 3283 895 3372 suero,
930 3287 986 3354 vel
1009 3307 1068 3380 pro
1093 3307 1194 3356 entra·
1209 3288 1255 3358 'D

435 3407 496 3456 teca
513 3383 646 3482 perform
671 3409 730 3454 non
754 3385 996 3456 adventandnm
1014 3385 1195 3478 judicium,

433 3510 495 3556 non
515 3485 759 3582 supplicandum
777 3485 1001 3582 Principibus,
1026 3511 1122 3582 neque
1139 3508 1198 3584 per

432 3587 647 3684 ,elpofldicam
680 3587 738 3658 vel
757 3607 816 3683 prr
843 3587 1110 3676 Ecclestaslicom,
1140 3591 1196 3659 vel

429 3707 488 3786 ptr
512 3689 666 3784 Regalem
696 3691 876 3782 potestatem
910 3689 955 3758 ad
990 3687 1193 3782 interpellan-

280 3853 286 3866 ,
431 3789 531 3876 dum,
556 3787 613 3856 vel
634 3806 693 3882 pro
717 3786 859 3882 qualibet
877 3837 1007 3861 .....
1036 3787 1193 3884 imagina-

422 3989 484 4082 'sut
508 3988 653 4059 invenire
668 3989 726 4058 vel
747 4012 966 4084 argumentare
984 3989 1106 4088 potest,
1130 4019 1192 4064 om·

430 4090 489 4162 tria
509 4089 670 4186 superius·
674 4090 798 4186 scripta
828 4117 888 4162 non
911 4091 1114 4182 observavero
1138 4096 1194 4164 vel

1300 649 1408 720 ceteris
1422 647 1514 740 filiis
1539 648 1585 718 0·
1608 645 1749 740 filiabus
1774 647 1879 740 met's,
1912 649 1978 722 tihi
2000 659 2065 726 ee·

1297 769 1347 821 tro
1371 751 1515 824 Diaoono
1533 747 1646 841 sanlle
1669 749 1880 821 Rmnatis
1903 753 2062 846 Eccleste,

1297 850 1421 950 tuisque
1447 851 1615 922 heredibus
1637 871 1715 921 ome
1740 875 1844 920 mnes
1860 904 1976 928 .....
2003 875 2064 926 aut

1298 951 1583 1050 interpellationem
1602 971 1683 1048 pene
1709 950 1833 1022 nmina
1856 953 1931 1026 auti
1956 957 2064 1052 obrizi

1298 1053 1416 1128 Libras
1437 1053 1565 1152 viginti
1571 1081 1594 1142 ,·
1618 1053 1663 1126 θ
1683 1051 1754 1151 pull
1774 1073 1854 1150 pene
1873 1055 2062 1144 solertiorem

1296 1174 1424 1228 maneat
1454 1155 1511 1228 hec
1533 1155 1672 1229 Castulo
1702 1153 1926 1250 praserfionn's,
1960 1161 2062 1232 dona·

1296 1257 1414 1350 tionis,
1430 1258 1625 1355 perpetualis
1641 1255 1866 1350 transalbinos}
1880 1259 1996 1355 absque
2006 1262 2062 1332 hc·

1297 1357 1453 1432 redituria
1476 1359 1583 1430 meloni
1615 1379 1761 1433 entrance
1790 1359 1921 1455 persone
1942 1361 2060 1453 salla,

1295 1461 1340 1530 0·
1362 1465 1386 1532 d
1411 1487 1459 1532 me
1485 1463 1570 1557 leget
1603 1461 1773 1534 tribunario
1806 1481 1912 1532 tenore
1937 1485 2061 1534 contra·

1293 1559 1345 1634 tta
1378 1563 1566 1634 omnimodis
1600 1564 1635 1633 in
1663 1563 1724 1654 suo
1750 1563 1854 1634 rohore
1879 1564 1925 1633 &
1953 1565 2061 1638 incon·

1292 1663 1409 1756 uulsa,
1443 1671 1553 1760 Quane
1577 1690 1653 1736 uero
1677 1665 1848 1736 Carsulam
1881 1691 1932 1736 ene
1958 1663 2061 1760 jum

1291 1765 1373 1860 leges
1396 1765 1553 1838 tribuente
1570 1769 1787 1837 donementnm
1804 1765 1970 1838 Dominico
1991 1775 2060 1840 Ta·

1292 1866 1388 1936 bellio
1420 1865 1518 1961 hujus
1543 1867 1704 1940 Civitatis
1729 1875 1888 1940 Raunne
1917 1867 2079 1960 scribom.

1291 1969 1368 2038 dunt
1394 1969 1534 2064 rogavi,
1567 1967 1601 2038 in
1627 1993 1692 2066 qua
1714 1995 1772 2065 ego
1795 1967 1929 2060 molensi
1952 1973 2057 2042 libeu-

1291 2087 1338 2138 ter
1362 2095 1461 2140 manu
1490 2070 1622 2164 propria
1653 2069 1781 2166 stgnum
1808 2071 1920 2164 sanilo
1944 2074 2057 2144 Crucis

1284 2167 1368 2260 feti,
1393 2170 1438 2239 O·
1456 2169 1586 2256 testibus
1601 2175 1624 2241 d
1642 2197 1690 2242 nte
1712 2171 1833 2267 togatis
1850 2171 1967 2244 obtulit
1977 2175 2056 2266 sub·

1282 2267 1503 2361 scribendum,
1525 2294 1689 2368 eorumque
1706 2272 1867 2370 presentia
1888 2274 1973 2344 dille
1992 2282 2054 2347 Pe.

1226 2393 1259 2468 C
1288 2391 1337 2442 teo
1362 2371 1503 2444 Diacono
1529 2369 1609 2462 filio
1641 2399 1706 2444 tneo
1740 2371 1867 2468 ejusque
1890 2375 2055 2450 heredibus

1287 2473 1520 2548 contradit...
1539 2527 1550 2547 .
1568 2526 1579 2545 .
1598 2472 1661 2564 suh
1685 2475 1761 2564 die,
1787 2477 1834 2546 Θ·
1857 2477 1982 2570 nurse,
2009 2478 2055 2550 Θ

1286 2573 1463 2646 ludiblione
1481 2574 1700 2672 suprascripta
1725 2582 1799 2650 XV.
1825 2586 2006 2654 meno.

1335 2678 1380 2766 ᾖ
1405 2675 1544 2770 Signum
1578 2703 1692 2749 manus
1720 2678 1932 2776 [suprascripte
1958 2687 2053 2780 luge-

1385 2775 1478 2847 lardc
1501 2777 1566 2849 Dei
1591 2777 1802 2870 misericordia
1823 2781 1982 2879 Comitiffe
2008 2785 2054 2856 (9·

1385 2877 1538 2950 donatrix
1555 2879 1725 2956 adomnia
1740 2879 1978 2984 suprascripta,
2001 2886 2053 2960 cui

1384 2977 1532 3052 relchlunt
1556 2981 1622 3068 ejl.

1334 3081 1380 3174 tlt
1401 3083 1540 3178 Signum
1562 3111 1676 3158 manus
1697 3089 1890 3186 Adelettgo,
1914 3090 1972 3188 qui
1992 3116 2052 3164 tto·

1387 3205 1478 3258 catut
1500 3185 1611 3277 ustio,
1637 3217 1675 3260 ere
1694 3215 1807 3286 genere
1832 3197 2051 3285 Francorum,

1385 3305 1537 3380 rogatus,
1563 3287 1608 3360 θ
1625 3289 1756 3385 signum
1773 3289 1886 3382 lande
1911 3295 2050 3385 Crucis,

1386 3385 1440 3456 tui
1464 3387 1612 3460 releilum
1637 3390 1700 3474 cll.

1337 3485 1479 3561 Natalis
1505 3491 1571 3562 Dei
1582 3489 1703 3588 pietate
1721 3493 1803 3564 Dux
1823 3491 1897 3564 huic
1912 3495 2048 3566 Castulo

1386 3589 1569 3662 donationis
1586 3593 1629 3661 θ
1643 3591 1979 3684 transallionit,ficut
1990 3595 2049 3686 su·

1384 3689 2049 3794 periuslegitur,rogatusteslitsubscripst'·

1341 3789 1463 3864 Petrus
1497 3794 1614 3864 divino
1648 3816 1729 3868 nutu
1764 3798 1848 3870 Dux
1875 3797 1920 3868 (r
1936 3801 2052 3889 Judeu

1387 3891 1461 3964 huic
1483 3897 1615 3966 Cartulc
1636 3897 1774 3990 ceffionis
1799 3899 1844 3968 θ’
1864 3899 2052 3993 transablio·

1388 3993 1441 4063 nit
1458 4015 1586 4090 rogatus
1611 3997 1697 4084 tellis
1716 3999 1904 4098 subscripfi.

1243 4171 1245 4175 ,
1337 4097 1432 4164 Petro
1456 4097 1597 4167 Diacono
1620 4098 1693 4170 huic
1714 4107 1848 4172 Catmtle
1868 4103 2050 4174 donationis

406 4191 664 4286 adimplevero,
688 4193 733 4262 Θ·
755 4217 815 4262 non
834 4193 1101 4285 defensaverimus
1118 4221 1194 4266 cun·
1219 4203 1246 4272 E
1387 4195 1432 4264 Φ
1456 4195 1680 4288 transalliouit
1707 4224 1835 4298 mgateu
1858 4203 1946 4290 testis
1971 4203 2048 4298 suh-

428 4291 502 4379 tta,
537 4316 596 4387 que
623 4291 769 4390 superius
803 4296 972 4390 leguntur,
1009 4296 1054 4364 (t
1086 4299 1109 4368 d
1143 4325 1191 4368 me

424 4393 574 4492 pollicita
591 4393 691 4486 sunt,
719 4415 823 4466 contra
849 4399 930 4466 hanc
955 4415 1074 4469 cartam
1099 4411 1191 4494 agere

425 4499 554 4568 voluero
578 4495 634 4566 vel
660 4511 780 4590 agam,
817 4521 910 4591 qnam
938 4497 1109 4589 secundum
1144 4519 1188 4569 te·

426 4621 499 4670 nore
521 4622 586 4667 meo
603 4594 719 4688 jurata
740 4623 813 4667 voce
833 4597 904 4668 dico
922 4617 980 4692 per
1000 4600 1188 4694 omnipoten·

424 4717 487 4768 tem
512 4705 639 4786 Demos,
665 4701 836 4794 sedemque
854 4697 1001 4790 sanilam
1026 4700 1206 4820 Apostoli,

424 4825 518 4890 tam,
554 4799 600 4870 Θ·
623 4799 731 4870 vitant
756 4801 802 4869 (θ’
827 4799 1074 4874 incolumitatem
1099 4803 1186 4872 inve·

425 4895 623 4990 hliffimorum
658 4899 842 4994 Principum
877 4903 1084 4974 Dominarum
1121 4909 1184 4975 No·

415 4995 553 5084 slrotum
579 4999 777 5088 attestatione
802 4999 967 5092 confirmo,
992 5006 1070 5100 quia
1091 5005 1188 5077 datto·

423 5122 493 5172 ram
518 5127 566 5177 mo
599 5098 658 5196 offo
687 5101 865 5204 promitto.
900 5109 973 5202 Ego
1000 5105 1220 5203 Jupmdilla,.
1255 5139 1262 5186 t

1379 4295 1512 4394 semp.

1277 4455 1289 4476 ,
1333 4399 1505 4494 Gregorius
1535 4399 1635 4492 filius
1660 4347 1784 4474 seiten
1817 4404 1937 4498 Consul
1975 4407 2049 4480 hnic

1385 4504 1414 4572 C
1414 4503 1518 4620 artule
1530 4503 1714 4574 donationis
1732 4525 1861 4604 togatus
1874 4508 1962 4596 tellis
1967 4511 2046 4602 suh·

1331 4601 1614 4798 Mlllihhzl'onsul
1630 4705 1703 4780 huic
1715 4713 1848 4782 Cartule
1860 4709 2044 4781 donationis

1379 4807 1673 4928 &voransalliottit
1695 4835 1823 4910 rogatus
1849 4811 1936 4898 testis
1966 4812 2045 4904 suh·

1330 4905 1519 5085 abilii}
1535 5015 1572 5086 m
1589 5012 1657 5088 net
1676 5015 1800 5086 nonme
1817 5016 1956 5088 santet.
1983 5019 2041 5090 tt.

1377 5109 1435 5204 p'us
1459 5116 1647 5206 Civitatis,
1663 5117 1802 5214 scriptor
1826 5116 1898 5208 bttt’t
1922 5127 2043 5290 Cpetrttt·⁴
