4560 6146
490 482 541 564 μ
791 433 1185 568 curruum.
1232 439 1682 536 ueneratur
1926 464 1988 566 μ

427 593 558 640 mannos
588 566 808 666 Aqtcilonares
838 567 979 640 homines
1002 569 1103 639 dicere
1124 565 1192 665 pos·
1212 567 1247 642 A
1269 563 1416 637 darunt.
1446 566 1591 657 Quanta
1625 591 1709 666 ergo
1736 563 1841 666 polilt
1877 572 2041 669 Septem&

420 667 555 766 fumus.
594 671 649 743 lta
683 667 953 768 Liutprandus,
982 670 1081 788 cujus
1116 695 1193 743 ver·
1269 663 1478 738 trionalium
1508 668 1722 767 Populorum
1749 669 1804 744 vis
1827 671 1862 744 &
1887 668 2031 758 feritas,

428 768 470 843 ba
498 795 614 870 meatu
640 767 820 870 increpare
854 771 1111 872 negligentiam
1138 769 1191 844 vi·
1269 765 1353 840 hinc
1391 791 1533 864 quoque
1570 765 1700 844 discere
1739 771 1939 872 possumus.
1976 774 2031 844 At

427 867 620 963 derentur,
652 871 745 970 quod
774 871 930 946 nondum
959 875 1069 946 ullam
1096 878 1191 946 Nore-
1269 865 1361 940 unde
1397 868 1615 944 Nortmanni
1650 871 1856 970 eruperint,
1892 870 1916 945 st
1952 871 2033 973 qui·

426 997 614 1045 maurorum
659 972 877 1048 mentionem
913 972 1088 1065 fecerim,
1128 973 1192 1048 nisr
1270 966 1389 1067 squam
1416 967 1541 1044 rescire
1575 969 1719 1072 cupiat,
1746 971 1905 1048 Francici
1940 973 2032 1049 Scri·

426 1097 504 1146 eam
542 1071 703 1148 consulto
740 1072 808 1148 huc
848 1071 1091 1150 reservassem.
1134 1077 1176 1148 In
1269 1089 1385 1169 ptores
1409 1068 1642 1172 respondent,
1665 1100 1708 1148 ex
1733 1071 1863 1147 Dania.
1889 1077 1939 1146 Et
1961 1080 2034 1149 Da·

425 1171 605 1248 nuendum
629 1173 827 1275 elligitur,
852 1182 1087 1268 Numantiae,
1111 1201 1186 1277 gen·
1268 1197 1323 1243 nor
1357 1170 1501 1271 quidem
1537 1173 1675 1248 eosdem
1712 1201 1794 1248 cum
1822 1177 2032 1250 Nomrannir

425 1291 500 1350 tem
536 1302 579 1352 ex
616 1279 801 1375 Europaeo
837 1276 1083 1375 Septentrione
1114 1303 1185 1375 pro
1269 1270 1419 1349 faciebat
1445 1273 1635 1350 Ermoldus
1663 1275 1830 1376 Nigellus
1855 1276 1939 1351 Lib.
1966 1279 2030 1352 IV.
2076 1367 2078 1372 Δ

425 1373 578 1470 fesium,
613 1398 781 1478 regnante
814 1377 927 1453 adhuc
954 1381 1087 1456 Carolo
1113 1381 1189 1452 Ma·
1268 1372 1309 1448 de
1337 1374 1423 1448 Reb.
1450 1374 1530 1476 gest.
1560 1376 1739 1451 Ludovici
1774 1378 1831 1452 Pii
1858 1378 2005 1480 Augusti
2016 1432 2029 1471 ,

425 1503 530 1577 gno,
582 1476 768 1578 piraticam
810 1506 972 1555 exercere
1015 1479 1243 1579 coepisse,B
1270 1473 1328 1548 sub
1364 1501 1436 1573 quo
1471 1475 1502 1550 is
1539 1473 1686 1567 floruit,
1715 1494 1756 1551 ut
1792 1479 1865 1579 ejus
1903 1484 2031 1554 Podma

425 1577 632 1678 Oceanique
669 1579 875 1656 Germanici
910 1583 946 1653 ἃ
977 1581 1112 1656 Gallici
1148 1579 1190 1655 li·
1269 1575 1410 1651 testatur
1436 1603 1455 1650 a
1482 1603 1539 1652 me
1566 1577 1702 1651 editum
1730 1581 1824 1652 Part.
1850 1582 1897 1652 11.
1922 1585 2031 1656 Tom.

424 1695 504 1754 tora
533 1707 603 1754 non
632 1680 735 1755 semel
772 1679 960 1756 infestasse.
994 1686 1092 1757 'sum
1119 1679 1188 1756 fen·
1270 1680 1314 1750 [l.
1342 1682 1422 1752 Rer.
1451 1679 1683 1754 Italicarum.
1721 1685 1838 1753 Immo
1864 1679 1894 1754 is
1922 1688 2033 1755 Fran.

425 1779 490 1856 fim
534 1781 775 1878 frequentibus
815 1781 1072 1858 incursionibus
1113 1783 1188 1856 Bri·
1225 1845 1227 1851 .
1266 1779 1448 1853 autetiam
1475 1781 1520 1859 e‘x
1547 1780 1668 1854 eadem
1694 1800 1799 1882 gente
1827 1783 2034 1882 progenitos

426 1882 611 1970 tanniam,
633 1881 799 1973 sciscam,
823 1885 858 1956 dr
883 1882 1083 1983 praesertim
1108 1886 1176 1958 Gal
1266 1880 1401 1954 censet.
1426 1881 1534 1954 Daris
1552 1880 1685 1957 addunt
1704 1881 1768 1956 alii
1787 1889 1917 1956 Succos.
1942 1887 2033 1960 Clu.

424 1981 494 2056 lias
529 1985 644 2058 acrius
681 2011 809 2058 vexare
846 2003 1096 2086 perrexerunt,
1121 1987 1190 2060 cla·
1268 1981 1382 2056 verius
1406 1987 1491 2057 verb
1515 1985 1713 2082 Neruegr'em
1733 1983 1780 2058 iis
1805 1983 1954 2084 patriam
1980 1984 2032 2060 as·

424 2083 508 2166 des,
536 2084 574 2158 in
601 2111 842 2182 quaecumque
871 2089 949 2162 loca
979 2089 1191 2188 pergebant,
1267 2081 1393 2183 stgnat.
1420 2089 1525 2158 Dacos
1550 2083 1704 2158 tamdem
1736 2085 1800 2159 alii
1827 2089 2028 2184 appellant.

425 2179 547 2280 ignem
589 2187 625 2257 &
666 2185 939 2261 devastationem
986 2207 1189 2290 portantes.
1267 2183 1343 2261 Nist
1370 2185 1584 2261 temeritatis
1619 2186 1790 2284 quaedam
1818 2184 1947 2286 species
1973 2186 2030 2262 ui·

425 2283 582 2362 Pervasrt
610 2285 781 2384 usquein
819 2290 962 2363 ltaliam
988 2316 1110 2365 eorum
1138 2289 1187 2364 fu·
1265 2285 1338 2360 deri
1366 2287 1475 2385 posset
1511 2287 1574 2361 hac
1602 2287 1639 2361 in
1666 2314 1703 2361 re
1729 2289 1750 2360 b
1776 2307 1833 2362 tot
1868 2289 2027 2387 antiquis

420 2412 482 2460 ror
522 2389 633 2463 Anno
676 2393 954 2480 DCCCLVlI.,
978 2394 1025 2466 ac
1066 2396 1241 2474 Lunae(
1266 2387 1501 2486 Scriptoribus
1536 2387 1744 2481 dissentire,
1777 2415 1856 2464 mea
1893 2389 2029 2466 senten·

421 2487 589 2580 Civitas,
614 2490 712 2590 cujus
741 2517 834 2566 nunc
861 2491 924 2566 vix
949 2493 1095 2594 velligia
1118 2519 1184 2568 cer·
1265 2487 1314 2563 tia
1341 2487 1454 2582 foret,
1481 2517 1552 2563 non
1588 2516 1692 2566 unam
1730 2489 1934 2589 quampiam
1962 2491 2029 2566 sm.

422 2608 578 2680 nuntur,
603 2592 646 2665 ab
671 2591 750 2688 ipfrs
776 2593 860 2667 dolo
884 2613 1008 2692 capta,
1035 2621 1074 2668 ac
1098 2613 1184 2668 tam·
1264 2592 1419 2690 gularem
1458 2593 1652 2666 Nationem
1690 2595 1935 2668 Nortmannos
1974 2593 2028 2668 su·

421 2689 503 2768 dem
530 2692 653 2768 attrita
689 2693 757 2785 est,
785 2712 824 2769 ut
855 2695 977 2770 aublor
1003 2696 1049 2770 cll
1083 2695 1188 2771 Dudo
1265 2719 1323 2792 pra
1364 2710 1578 2766 memoratos
1617 2691 1743 2783 fuisse,
1784 2692 1841 2768 fed
1881 2693 2027 2792 quidem

420 2787 464 2866 de
481 2791 951 2890 SaniloQuintino.lidem
969 2796 1185 2887 Pisas,alia·
1264 2793 1464 2893 congeriem
1493 2793 1694 2868 Borealium
1723 2793 1912 2892 gentium,
1938 2820 2030 2892 quae

420 2888 505 2990 sque
535 2895 659 2971 ltaliae
692 2897 803 2971 Urbes
834 2901 942 2970 Anno
973 2901 1187 2973 DCCCLll.
1262 2920 1304 2966 ex
1332 2893 1441 2968 variis
1469 2892 1687 2971 Nationibus
1716 2891 1892 2986 conflata,
1918 2897 1953 2968 δι
1980 2921 2027 2971 ex

418 2991 616 3084 uastarunt.
645 2997 795 3097 Reliqua
820 2997 991 3074 horrenda
1017 3027 1057 3074 ac
1083 2999 1183 3074 innu·
1264 2994 1403 3070 baltico
1438 2995 1536 3070 Mari
1577 2993 1796 3094 potlffimum
1837 2996 2025 3096 prodiens,

419 3119 516 3172 mera
544 3123 665 3170 eorum
693 3096 851 3173 facinora
885 3101 1065 3176 Hilloriae
1092 3119 1182 3176 vete·
1263 3113 1319 3170 tot
1353 3096 1616 3172 calamitatibus
1652 3097 1926 3172 Meridionalem
1955 3102 2027 3173 Eu.

397 3221 476 3292 ¹ces
504 3201 718 3269 Francorum
746 3199 871 3274 multis
899 3201 1127 3276 describunt.
1152 3207 1187 3276 A
1263 3224 1384 3299 ropam
1411 3198 1600 3299 impleuit,
1624 3195 1757 3296 sibique
1783 3223 1876 3272 nova
1905 3203 2026 3300 Regna

422 3296 580 3374 Rolloue
600 3315 716 3372 autem
740 3301 839 3373 Duce
863 3296 925 3372 sub
943 3299 1090 3376 initium
1110 3307 1186 3377 Sae·
1210 3309 1241 3378 D
1265 3299 1427 3398 paravit.

421 3395 497 3474 auli
525 3397 688 3488 Decimi,
714 3397 817 3473 initis
842 3425 921 3474 cum
947 3403 1080 3475 Carolo
1100 3402 1186 3476 Sim·
1312 3400 1509 3473 Ncrrmauni
1534 3397 1619 3498 (uti
1646 3396 1884 3474 didicimusb
1919 3398 2028 3476 Liut·

418 3497 517 3599 plice
542 3503 759 3580 Francorum
785 3506 880 3602 Rege
906 3499 1104 3578 foederibus
1132 3531 1186 3604 pa·
1265 3500 1416 3600 prando,
1436 3499 1606 3598 simulque
1626 3499 1793 3576 testantur
1811 3503 2027 3594 Ermoldus,

310 3650 316 3664 ·
421 3598 497 3691 cis,
526 3601 682 3676 concessa
712 3601 759 3677 est
795 3601 878 3694 illi,
904 3602 1046 3705 ejusque
1075 3608 1187 3705 Popu·
1266 3601 1479 3695 Aimoinus,
1513 3603 1719 3676 Willelmns
1756 3601 1886 3694 Brito,
1921 3602 2029 3678 Guil-

422 3702 463 3778 lo
499 3703 640 3776 Gallica
682 3703 901 3797 Provincia,
937 3731 1026 3803 quae
1062 3705 1189 3782 exinde
1262 3705 1403 3780 lielmus
1430 3701 1657 3794 Apuliensrs,
1684 3706 1719 3777 dc
1747 3700 1840 3801 alii)
1868 3701 1961 3776 nibil
1989 3731 2027 3778 a·

421 3805 627 3878 Normennia
666 3803 836 3904 appellari
878 3823 1002 3906 coepta
1042 3807 1115 3899 est,
1153 3811 1186 3882 u
1261 3805 1336 3880 liud
1364 3803 1603 3908 significabat,
1627 3831 1733 3904 quam
1758 3804 1896 3878 homines
1915 3805 2027 3902 Aqui.

390 3902 537 4001 *adhuc
565 3907 763 4004 appellatur
798 3907 1019 3982 Nomaudia.
1053 3907 1118 3983 Sed
1145 3936 1188 3984 ne
1260 3908 1407 3980 lunares:
1432 3933 1521 4007 quae
1557 3907 1750 4003 appellatio
1780 3933 1851 3980 non
1888 3926 2024 3982 certum

421 4003 470 4081 iis
496 4003 640 4100 quidem
667 4005 799 4082 finibus
825 4025 990 4083 contenta
1018 4007 1088 4084 fuit
1115 4013 1185 4087 bel·
1261 4008 1463 4107 quempiam
1501 4008 1698 4106 Populum,
1730 4007 1787 4082 fed
1822 4035 1945 4084 omnes
1971 4011 2026 4106 ll·

421 4103 624 4182 licofiffima
659 4135 764 4210 gens:
796 4135 877 4184 nam
905 4136 1026 4185 eorum
1065 4137 1197 4241 manus'
1261 4110 1457 4204 quilonaris
1493 4107 1648 4210 regionis
1680 4111 1833 4210 Populos
1869 4111 2026 4204 comple·

424 4209 573 4283 Saeculo
607 4209 807 4287 Undecimo
842 4211 881 4286 in
908 4213 1080 4311 Apuliam
1109 4212 1239 4288 casuE
1261 4210 1390 4286 uitur.
1419 4209 1554 4306 Igitur,
1581 4229 1621 4284 ut
1657 4210 1877 4300 arbitror,e
1910 4207 2026 4282 Balti·

422 4303 562 4401 delata,
596 4337 636 4386 ac
672 4309 793 4390 sensam
830 4311 917 4388 viris
952 4317 989 4388 dt
1024 4314 1188 4390 uifloriis
1261 4338 1304 4385 co
1344 4311 1545 4412 praesertim
1586 4311 1624 4387 in
1665 4317 1846 4386 Oceanum
1889 4308 2026 4404 piratae

422 4409 548 4504 uuila,
575 4408 774 4486 universam
805 4414 975 4505 Siciliam,
1002 4432 1187 4514 totamque
1262 4416 1572 4514 septemtrionales
1607 4411 1860 4509 erumpebant,
1884 4410 1920 4483 dc
1953 4429 2029 4509 quo

422 4513 527 4591 illam
554 4512 759 4611 regionem,
785 4541 891 4613 quam
919 4543 1011 4590 nunc
1038 4526 1187 4616 Regnum
1218 4534 1225 4546 ‘
1263 4516 1407 4614 majoris
1434 4515 1578 4612 praedae
1605 4513 1678 4611 spes
1704 4527 1800 4602 erat,
1827 4510 1916 4586 illuc
1942 4515 2024 4586 vela

422 4617 675 4715 Neapolitanum
710 4618 948 4717 appellamus,
977 4617 1038 4693 srbi
1076 4617 1185 4720 subje·
1262 4617 1410 4694 dabant.
1437 4617 1544 4718 Quod
1581 4640 1665 4688 vero
1700 4614 1822 4704 Dani,
1846 4613 1958 4703 Suari,
1987 4641 2026 4685 ac

424 4718 502 4810 cit,
542 4721 578 4796 ἀ
623 4723 783 4818 Regnum
824 4716 877 4792 ibi
918 4719 1184 4796 celeberrimum
1261 4722 1406 4817 Norvcgi
1433 4719 1611 4821 propiores
1642 4718 1677 4790 ἃ
1714 4715 1872 4790 notiores
1906 4714 2024 4786 Gallis

421 4820 626 4898 contituit.
662 4820 723 4896 Ad
758 4820 844 4894 haec
874 4821 1092 4896 Nortmanni
1121 4820 1184 4921 ipsa
1260 4818 1398 4913 forent,
1425 4823 1510 4896 hinc
1534 4818 1729 4894 Norcmcnuc'
1754 4841 1876 4892 omnes
1902 4839 1946 4886 ex
1973 4814 2024 4888 iis

422 4921 558 4994 Gallici
585 4923 647 5001 sub
672 4922 887 4997 Guillielmo
911 4920 1037 4997 Notbo
1063 4949 1184 4996 eorum
1261 4939 1400 4998 tantum
1426 4920 1643 5000 Nationibus
1667 4915 1812 4994 conflati
1837 4913 2024 4988 credeban.

420 5019 525 5098 Duce
549 5026 659 5101 Anno
685 5027 865 5110 Mvat.
893 5021 1033 5100 subacta
1060 5023 1186 5124 magni
1260 5041 1337 5100 tur.
1364 5025 1470 5101 Dudo
1495 5027 1538 5100 de
1571 5021 1699 5099 Sancto
1724 5014 1929 5112 Quintino‚
1954 5012 2020 5111 qui

419 5120 629 5224 Britannis,
654 5131 806 5218 alterum
831 5115 887 5210 ibi
912 5130 1075 5245 Regnum
1106 5123 1184 5212 suu·
1257 5125 1347 5231 jull'u
1375 5126 1544 5210 Richards
1571 5129 1600 5202 1.
1630 5115 2054 5322 Norrtaanniae(‘13:¹¹0ss¹
