4626 6152
479 493 560 584 391
731 450 1156 576 Auernum.
1215 453 1467 543 maort
1518 461 1708 554 aaut

1883 444 1971 586 aaz*

460 591 598 680 Signum
613 581 1008 670 mauusBeuerararofiiro
1022 576 1172 672 ejuscem-
1202 576 1250 647 A·
1264 575 1368 650 bant.
1397 581 1530 652 Verium
1556 585 1719 682 palmaris
1743 584 1837 662 inter
1861 585 1924 661 hos
1952 593 2027 664 Dui

405 685 595 781 sentientis.

1264 691 1331 762 ces·
1349 678 1548 758 differentia
1584 686 1796 764 interceffit.
1821 689 2035 770 'Universae'

462 791 600 888 Signum
634 809 747 859 manus
781 784 937 856 Roduaid
964 789 1001 859 V.
1030 787 1078 858 D.
1096 783 1174 877 fitia
1269 782 1479 856 Provinciae
1499 809 1628 860 nomen
1649 789 1816 866 dederunt
1843 795 2033 892 primariae

412 890 482 988 ejus
506 889 746 982 consentientis.

1260 882 1379 956 Urbes
1399 889 1638 980 Beneventum,
1658 893 1838 988 spoletum,
1858 926 1893 968 ac
1912 901 2031 968 Forum

463 992 740 1088 Signum'mauus
765 993 906 1062 Barome
922 987 1001 1083 filio
1020 987 1089 1084 ejus
1106 1015 1173 1060 con.
1255 986 1381 1076 ,Μῦς
1406 1012 1519 1085 neque
1546 990 1642 1064 enim
1671 993 1740 1066 alia
1769 1014 1851 1068 tune
1876 999 2032 1098 appella·

409 1095 599 1294 lenitigriiiri
624 1220 738 1268 marrus
763 1193 914 1266 Wrdicau
942 1199 980 1268 V.
1005 1199 1050 1268 D.
1070 1193 1171 1282 resiie.

465 1303 602 1398 Signum
628 1323 741 1370 marrus
760 1297 926 1368 Wileradu
947 1301 984 1368 V.
1004 1301 1049 1370 D.
1069 1298 1174 1382 celiis.

1268 1084 1322 1159 tio
1350 1088 1387 1161 in
1409 1087 1584 1184 uiueret:
1607 1119 1647 1166 ac
1674 1114 1857 1194 propterea
1876 1101 1939 1196 qui
1960 1105 2033 1172 Du·

1266 1216 1329 1260 cem
1366 1190 1612 1286 forojuliensem
1652 1194 1823 1290 dicebat,
1860 1199 2033 1276 continuo

1269 1288 1487 1390 significabat
1523 1297 1680 1397 integrae
1717 1300 1910 1373 Provinciae
1936 1308 2033 1374 Fara·

466 1400 604 1502 Sigumu
629 1403 742 1472 mauce
763 1405 927 1471 Benenato
947 1401 984 1472 V.
1006 1399 1176 1486 nsceflisss
1262 1393 1400 1488 juliensi
1422 1395 1658 1473 Praesediuin'.
1680 1401 1821 1476 Contra
1844 1397 1929 1477 ⁸veri)
1953 1404 2034 1502 Peri

467 1507 605 1604 siguum
630 1527 744 1576 manus
768 1503 968 1574 Mmrr'cioui
996 1507 1033 1575 V.
1061 1507 1106 1574 D.
1131 1521 1174 1572 re·
1212 1503 1239 1574 B
1268 1495 1409 1570 vinciam
1435 1499 1582 1591 Tusciam
1603 1503 1852 1604 Langobardis
1877 1501 2035 1606 appella·

411 1609 493 1698 siis.

469 1717 518 1786 Er
540 1709 609 1808 posi
634 1711 715 1784 barre
739 1708 890 1806 compieta
923 1707 1062 1782 cauata
1087 1731 1181 1778 reme.

419 1815 614 1889 miravimus
648 1812 854 1908 panieesiuka
880 1809 984 1899 rostra
1008 1813 1049 1883 de
1072 1811 1181 1881 Olive-

419 1939 452 1990 ra
478 1919 512 1989 iu
550 1915 705 2007 Vaccula,
740 1941 796 2012 ego
833 1919 1006 1986 Fortunate
1039 1913 1085 1983 (9⁶
1120 1917 1181 1984 Bo·

419 2019 522 2093 naula
544 2039 636 2115 parre
662 2017 764 2104 nostra
790 2019 824 2088 iu
852 2015 1186 2110 inregrumoffirimus

421 2127 491 2196 Do
517 2119 560 2190 (9¹
585 2121 672 2192 beari
696 2117 811 2190 sanni
835 2121 948 2208 Petri,
975 2141 1065 2214 quem
1092 2117 1185 2188 nouis

420 2223 563 2295 heredem
587 2218 802 2308 constituimus
815 2273 837 2296 ,.

473 2329 546 2422 Ego
570 2321 740 2395 Sichmado
759 2321 914 2418 indiguus
931 2320 1091 2394 Presbirer
1107 2321 1188 2394 hauc

1271 1625 1306 1672 re
1333 1597 1467 1699 semper
1492 1605 1531 1674 in
1561 1601 1622 1676 usu
1658 1602 1752 1694 suit,
1788 1609 1826 1679 &
1853 1631 2036 1702 nunquam

1273 1702 1475 1776 Provinciam
1502 1705 1691 1798 Lucensem:
1714 1733 1821 1804 quare
1843 1709 1904 1808 qui
1933 1713 2038 1785 Prae·

1270 1799 1373 1876 fidem
1398 1799 1497 1878 illius
1523 1807 1733 1883 Provinciae
1757 1807 1950 1912 significare
1971 1809 2039 1886 aaa

1270 1903 1409 1996 luisset,
1431 1912 1547 1980 Dueem
1566 1909 1718 2003 Trchiae,
1745 1939 1814 1986 non
1840 1919 1962 1988 Decem
1976 1907 2036 1986 Ci-'r

1269 2007 1388 2079 vicarie
1414 2007 1580 2100 Lucensis,
1604 2015 1826 2110 appellasset,
1855 2019 1906 2090 uti
1936 2029 2039 2091 reve³

1272 2107 1466 2184 ariusium
1494 2111 1561 2202 est,
1587 2111 1695 2213 quum
1733 2117 1899 2218 regimini
1927 2120 2039 2193 oniae

1274 2210 1384 2286 Ducis
1409 2221 1485 2288 tot'a
1512 2213 1663 2293 Tusciae
1678 2220 1881 2294 'Pto'vin'cie
1910 2218 2039 2295 Saeed·

1270 2315 1308 2390 lo
1324 2317 1432 2390 Nono
1448 2321 1686 2398 commendari
1708 2319 1830 2421 coepta
1850 2317 1915 2396 esi:
1928 2327 2037 2417 Quae

421 2428 591 2500 Cartalam
631 2451 669 2495 erc
705 2424 864 2497 auremico
897 2423 1047 2518 fideliter
1084 2448 1183 2494 exem·
1211 2434 1242 2507 c
1274 2417 1429 2492 mobrem
1450 2418 1571 2511 restat,
1597 2445 1637 2497 ut
1656 2424 1768 2498 adhuc
1787 2429 2034 2522 walpertum,

442 2529 540 2604 lavi.

417 2553 442 2628 P
474 2629 583 2705 Vides
609 2627 688 2704 heic
717 2655 832 2730 preces
860 2625 1034 2731 porreiias
1061 2629 1104 2701 ab
1130 2625 1182 2701 hi·

423 2733 476 2808 sce
511 2731 727 2826 Presbyteris
754 2737 888 2804 Damno·
911 2733 1074 2828 Waiperto
1101 2731 1187 2803 Duci

423 2835 520 2923 noflro
563 2833 723 2908 Civitatis
762 2833 881 2922 aulicae
915 2833 1091 2918 Luceufis.
1133 2835 1186 2906 At

422 2937 506 3012 haec
536 2937 699 3012 euincere
726 2934 913 3027 videntur,
950 2934 988 3008 in
1017 2961 1084 3008 una
1113 2937 1182 3009 Lu·

421 3037 510 3116 censu
531 3039 694 3114 Ciuitate
719 3036 859 3139 ejusque
882 3065 967 3134 agro
985 3033 1183 3112 conclusam

421 3139 521 3217 fuine
548 3139 723 3236 walperti
753 3139 855 3238 hujus
886 3138 996 3214 Ducis
1032 3137 1181 3213 audimi-

422 3261 556 3335 tatem,
582 3269 694 3340 neque
719 3242 887 3339 maiorem
912 3239 1182 3340 excogitandam

1270 2517 1411 2619 ejusque
1434 2523 1711 2600 screationum
1739 2534 1892 2605 Annum·
1912 2521 2034 2600 saitem
2048 2571 2064 2584 ·-

1274 2625 1419 2697 DCCC
1443 2623 1548 2699 unius
1574 2625 1739 2702 Lucanis
1757 2627 2035 2720 unisonas,

1271 2721 1339 2797 saue
1369 2723 1539 2801 Praesides
1559 2729 1785 2805 censeamus:
1818 2736 1910 2805 Nam
1939 2723 2045 2830 quod

1273 2826 1514 2902 Florentiniua
1532 2855 1642 2934 nuper
1667 2833 1828 2909 laudatus
1847 2833 2035 2934 opinatur,

1270 2927 1420 3004 Cosmus
1442 2933 1596 3008 recede
1621 2935 1762 3029 Aiena,
1788 2939 1822 3012 δε
1850 2935 1896 3010 Pi
1922 2935 1976 3009 iue
1996 2951 2037 3009 u‘·

1272 3031 1300 3104 ti
1321 3053 1456 3106 certum
1477 3033 1653 3128 statuunt,
1670 3065 1796 3142 nempe
1815 2963 2036 3113 uenientum

1271 3134 1405 3227 Priscian
1416 3142 1536 3210 Ducem
1558 3143 1664 3214 Anno
1680 3141 1811 3216 Christi
1834 3142 2035 3216 DCCLVI.

1271 3235 1447 3314 adledium
1486 3238 1584 3316 fuisse
1622 3249 1752 3342 Regem
1785 3241 2038 3344 Langobardo-

421 3344 459 3418 in
487 3343 634 3435 ceteris,
659 3368 747 3442 quos
766 3359 848 3416 ante
868 3345 1014 3417 Annum
1039 3345 1183 3416 DCCC.
1214 3357 1245 3424 D
1269 3365 1370 3429 rum,
1390 3339 1493 3414 sionis
1512 3343 1644 3414 tabuiis
1662 3363 1776 3416 earet.
1804 3341 1918 3416 inuno
1942 3349 2037 3416 Dan·

420 3445 590 3524 Lucensra
637 3464 865 3518 monumenta
911 3443 1103 3520 exhibent.
1148 3445 1182 3518 Si

419 3552 622 3648 Walpertus
645 3547 870 3622 Provinciam
893 3545 1090 3620 universam
1112 3549 1181 3618 Du·

421 3651 472 3726 cis
500 3651 611 3726 titulo
636 3650 800 3739 rexisset,
831 3655 906 3720 Dux
931 3647 1083 3739 Tusciae,
1114 3671 1182 3720 non

421 3768 539 3826 autern
578 3757 656 3822 Dux
689 3750 849 3820 Civitatis
885 3753 1005 3836 rroJirae
1040 3751 1184 3834 Lucenfis

421 3850 649 3953 appellandus
668 3847 804 3924 suisset.
833 3853 931 3924 Haec
951 3849 1184 3950 praesentiens

421 3951 624 4028 Franciscus
644 3949 760 4026 Maria
780 3951 1042 4043 florentinius,
1063 3979 1177 4028 emun-

420 4055 498 4130 siae
521 4053 614 4129 naris
638 4053 817 4156 scriptor,
839 4073 963 4154 utpote
982 4079 1086 4151 quent
1112 4083 1180 4129 non

419 4157 529 4234 lauit
557 4153 727 4252 ejusmodi
756 4155 911 4249 Charta,
941 4181 1088 4255 eamque
1116 4157 1176 4230 mi·

419 4260 517 4335 nime
533 4257 764 4333 diffimuiavit
782 4257 819 4334 in
836 4259 1084 4334 Monumentis
1103 4262 1177 4332 Ma·
1212 4251 1240 4320 Ε

417 4360 547 4438 thildis
583 4358 792 4437 comitissae
828 4361 911 4438 Lib.
946 4386 980 4460 3.
1016 4359 1181 4462 opinatus

419 4464 488 4556 est,
508 4466 752 4549 Walpertum,
772 4461 973 4560 ceterosque
993 4463 1091 4564 supra
1110 4489 1179 4536 me·

420 4586 579 4642 moratos
599 4567 713 4638 Duces
737 4567 759 4634 ai
785 4565 918 4651 Lueeufr
935 4563 1036 4657 Urbe,
1060 4567 1111 4636 uri
1134 4593 1179 4638 ea·

417 4670 487 4767 pire
513 4665 643 4755 Tusciae
678 4665 889 4756 Provinciae,
924 4667 1056 4740 titulum
1086 4669 1185 4740 Ducis

421 4767 608 4868 affirmliffe,
636 4795 697 4841 nou
716 4767 805 4862 secus
830 4795 866 4839 ae
892 4773 970 4840 Dux
995 4772 1074 4842 Fari
1088 4770 1184 4861 julii

421 4875 464 4945 ab
483 4875 563 4944 Urbe
586 4867 654 4967 ejus
677 4869 815 4941 numinis
836 4869 1000 4943 dicebamur
1021 4879 1101 4945 Dure
1119 4877 1177 4943 Po·

422 4971 619 5064 inimiculis,
638 4975 673 5046 dt
694 4969 931 5047 nihilominus
949 4971 986 5046 in
1008 4973 1181 5076 integram

419 5076 649 5148 'Prouinciam
678 5073 773 5150 suana
801 5075 1012 5176 protendisse
1039 5075 1180 5175 potesta·

421 5192 517 5268 tem,
543 5201 649 5279 quam
685 5177 795 5256 titulo
829 5176 1054 5256 Marchionia
1086 5181 1201 5282 rege-i

1272 3439 1374 3514 dulus
1406 3441 1447 3514 in
1483 3441 1667 3516 Chronico
1703 3443 1779 3542 p'aga
1812 3465 1893 3539 142.
1924 3439 2033 3516 Turn.
2133 3535 2136 3541 Δ

1273 3545 1351 3614 xtl.
1382 3546 1462 3616 Rer.
1501 3543 1703 3616 Italicarum
1719 3541 1775 3618 ‘de'
1804 3554 1847 3620 eo
1871 3543 2032 3620 'scribite

1272 3641 1454 3728 Destderiur
1477 3645 1785 3743 iraque„qici··Dux
1800 3643 1920 3737 ¹(siriae
1945 3668 2035 3740 erar,

1271 3745 1391 3818 auxilia
1416 3754 1526 3846 Papae
1546 3747 1655 3838 fedius
1684 3749 1727 3836 est
1754 3755 1827 3821 Rure
1856 3753 2037 3846 Langobar.

1268 3849 1397 3919 dorum.
1429 3847 1725 3948 Accedtt‚·quod
1755 3851 1827 3952 jam
1855 3849 1952 3944 supra
1982 3847 2038 3924 in·

1271 3949 1355 4042 nui,
1384 3953 1546 4024 Paullum
1581 3953 1781 4031 Diaconum
1812 3950 2037 4028 inti-listune

1272 4052 1540 4153 Langobardica
1583 4052 1777 4128 identidem
1819 4077 2037 4131 commemo·

1273 4153 1358 4228 caise
1395 4159 1509 4230 Duces
1546 4155 1962 4254 Beneirenti,··8poseti,‚
1994 4179 2036 4228 ae

1274 4255 1356 4329 Fori
1384 4255 1493 4348 Julii,
1529 4261 1563 4331 de
1593 4285 1638 4333 ne
1662 4285 1770 4334 unum
1797 4257 1940 4357 quidem
1967 4261 2037 4328 Ta-

1267 4357 1352 4449 seiae
1376 4364 1496 4430 Ducem
1512 4361 1700 4434 oblivioni
1726 4354 1909 4462 eripuisse}
1937 4362 2037 4453 Qua·

1272 4483 1310 4532 re
1343 4474 1484 4538 tantum
1511 4461 1554 4537 de
1590 4461 1684 4536 hisce
1719 4463 1798 4536 onie
1828 4459 2037 4554 isenriump

1273 4581 1371 4638 tanta
1408 4567 1492 4640 v'erd
1524 4591 1607 4638 eura
1643 4563 1896 4665 deretiqt'ns?
1934 4567 2037 4640 Nun-

1273 4664 1358 4764 quid
1388 4693 1458 4741 non
1485 4669 1520 4742 &
1548 4666 1680 4745 Tuscia
1708 4667 1922 4744 nabilissama
1953 4671 2037 4740 Pro·

1274 4767 1392 4841 vincia
1419 4768 1510 4860 fuit,
1547 4771 1581 4844 δι
1616 4769 1784 4845 lariffime
1809 4767 1967 4862 protensa
1996 4793 2037 4844 ac

1272 4867 1442 4944 illustris?
1471 4875 1559 4946 Sane
1586 4872 1671 4948 haee
1698 4899 1754 4946 me
1780 4897 1822 4946 eo
1848 4871 2039 4946 vehemen-

1273 4973 1346 5045 tius
1382 4973 1423 5046 ad
1450 4973 1668 5069 opinandum
1698 4975 1911 5071 impellunt,
1949 4997 2040 5046 nnn·

1274 5073 1357 5148 dum
1374 5076 1435 5150 uni
1454 5077 1546 5152 Duri
1566 5075 1763 5152 universam
1781 5074 1932 5149 Tusciae
1954 5079 2041 5150 Pro·

1277 5177 1435 5255 vinciam
1462 5197 1548 5257 tune
1575 5177 1676 5255 suisse
1696 5179 1945 5268 ‘committam
1961 5279 1969 5299 Ι
1984 5177 2041 5254 sed

1909 5307 1990 5384 qul·
