4532 6154
303 471 387 572 aar
1708 455 1803 567 398

247 906 1140 1097 Dissuuunmo
1218 904 1856 1096 sonuum,

263 1304 584 1403 >me-'22‘
636 1285 1063 1380 omitumPaiarii‚fiveA
1097 1286 1300 1366 nistratione
1342 1286 1529 1380 Iustitiae,
1572 1284 1626 1362 ita
1669 1299 1712 1362 ut
1755 1285 1856 1362 nulia

309 1412 336 1449 τ’
387 1399 530 1467 Ἄ
560 1474 587 1499 Γ
661 1389 902 1479 Palatinarum,
930 1413 1002 1463 mu·

264 1540 267 1553 ι
359 1486 618 1596 ἚΞ
662 1515 727 1564 nus
764 1488 1002 1590 praestantiffi·

427 1621 447 1641 ·
488 1592 517 1599 d*
553 1588 620 1669 ζ
663 1617 760 1666 mum
805 1589 875 1666 fuir
915 1590 1003 1666 anti·

1096 1392 1209 1470 crum
1243 1393 1282 1466 in
1328 1389 1467 1466 Palatio
1512 1385 1713 1482 audiretur,
1758 1387 1857 1488 cujus

1096 1519 1168 1568 noo
1209 1491 1282 1592 ipse
1317 1491 1476 1568 conscius
1516 1488 1628 1564 foret.
1666 1495 1770 1586 Quae
1804 1489 1858 1562 ita

1095 1593 1191 1668 diua
1216 1593 1351 1686 velim,
1386 1612 1426 1668 ut
1452 1617 1559 1666 nemo
1593 1590 1729 1666 idcirco
1765 1589 1859 1664 arbi·

1096 1713 1230 1786 tretur,
1256 1693 1431 1770 dimissam
1460 1690 1596 1794 prorsus
1623 1690 1723 1767 fuine
1749 1693 1858 1768 tue.

379 1860 486 1895 ‚w
523 1890 529 1897 .
573 1850 622 1895 ᾖ
1096 1796 1199 1896 gibus
1225 1795 1471 1896 cognitionem
1498 1794 1702 1878 ¹Cauiiarum
1730 1791 1858 1869 Comi·

291 1912 313 1993 χ’
335 1928 381 1989 (κ
412 1974 440 1995 ,ᾖ
483 1962 485 1965 .
664 1920 786 1970 eorum
819 1893 1005 1994 vestigium
1097 1899 1127 1970 ti
1155 1898 1305 1972 Palatii.
1344 1901 1437 1971 Nam
1464 1889 1589 1996 &ipfi
1627 1899 1738 1994 Reges
1774 1917 1859 1967 eon-

271 2004 296 2014 ''
351 2002 355 2009 ‘
384 2008 391 2015 ’
497 2031 510 2037 ·
541 2000 623 2025 ·“”“·
664 1993 819 2070 occurrit
843 1994 881 2070 in
902 1993 1006 2068 ltalia
1087 1997 1240 2073 ,suevere
1275 2023 1347 2072 non
1384 2023 1509 2096 paucas
1544 1995 1664 2070 audire
1700 1997 1735 2068 δι
1769 1991 1859 2068 diri-

248 2089 311 2170 sub
352 2099 507 2200 Regibus
547 2097 822 2198 Langobardis.
863 2095 1007 2170 Invedba
1075 2125 1220 2216 ,mern
1254 2100 1290 2174 δι
1325 2097 1459 2170 summi
1485 2096 1705 2196 benignitate
1731 2121 1772 2170 ae
1798 2110 1855 2168 to·

248 2195 316 2288 est,
351 2216 392 2272 ut
418 2219 528 2298 puto,
562 2196 735 2299 ejusmodi
773 2197 940 2295 Dignitas
967 2195 1062 2273 inu
1096 2199 1247 2276 lerantia
1274 2199 1436 2300 praebere
1462 2211 1560 2274 aures¹
1586 2196 1784 2272 rationibus
1810 2193 1857 2268 li·

247 2296 416 2372 Italicum
444 2304 605 2399 Regnum
625 2302 644 2372 b
665 2295 842 2396 Regibus,
869 2323 909 2372 ac
936 2299 1005 2370 Im·
1098 2299 1312 2396 rigantium.
1350 2301 1483 2374 Verbm
1519 2299 1619 2372 nulla
1652 2296 1779 2373 Caussa
1814 2295 1857 2370 ad

247 2401 467 2496 putatoribus
503 2400 682 2488 francis,
718 2397 808 2496 apud
843 2423 933 2494 quos
968 2398 1005 2470 in
1100 2403 1266 2500 Regalem
1282 2399 1500 2475 audientiam
1516 2397 1861 2496 deferebatur,quae

248 2498 309 2576 usu
336 2517 433 2593 erat,
459 2503 518 2577 vel
541 2503 561 2574 b
582 2502 707 2576 Seculo
732 2495 898 2598 Epochae
917 2499 1002 2572 Vul·
1098 2502 1194 2594 prius
1219 2527 1292 2582 non
1328 2498 1483 2574 subiisset
1518 2523 1667 2574 examen
1699 2498 1858 2574 Comitia

247 2599 340 2700 garis
367 2606 496 2676 Sexto.
522 2600 713 2674 Eminebat
737 2614 855 2674 autem
878 2597 918 2672 in
947 2603 1003 2672 Pa·

248 2701 339 2776 latio
366 2707 581 2776 Francorum
609 2705 773 2802 Regum,
805 2697 938 2873 quipge
964 2697 1005 2772 ad

248 2808 401 2874 Comitem
435 2804 648 2894 Palatinum,
684 2819 873 2900 tanquam
908 2827 1002 2918 upre·

247 2927 346 2978 mum
367 2903 623 2980 moderatorem
648 2901 826 3004 justitiae,
853 2920 1004 3003 pertine·

1100 2599 1253 2692 Palatii,
1280 2619 1320 2676 ut
1345 2598 1418 2698 ipse
1434 2600 1665 2691 decerneret,
1702 2597 1857 2674 finenda·

1097 2727 1142 2776 ne
1169 2699 1260 2778 foret
1294 2701 1457 2803 progredi
1485 2701 1528 2778 ad
1558 2701 1734 2803 Principis
1759 2701 1859 2778 thro·

1100 2830 1205 2881 num.
1221 2802 1320 2880 Hinc
1335 2801 1434 2878 addit
1450 2801 1551 2903 supra
1569 2803 1730 2879 laudatur
1744 2803 1858 2878 Hinc·

1100 2929 1238 2996 marus,
1253 2903 1353 2980 sicuti
1374 2904 1416 2978 ad
1434 2905 1781 3002 Ambieappetianum,
1795 2917 1859 2978 eui

250 3005 310 3080 bat
336 3003 530 3104 dijudicare
556 3003 671 3106 Regni
698 3003 827 3080 eauffas
854 3023 931 3078 tunt
957 3001 1005 3080 ci·
1101 3007 1155 3106 jus
1181 3007 1291 3083 etiam
1319 3031 1444 3082 munus
1470 3005 1510 3080 in
1536 3008 1633 3082 Aula
1661 3009 1796 3104 Regum
1822 3030 1858 3078 e·

246 3105 363 3196 viles,
398 3122 475 3181 tum
502 3104 725 3194 criminales,
761 3101 831 3180 five
857 3105 900 3180 ad
926 3131 1004 3180 eum
1036 3101 1072 3178 C.
1102 3108 1256 3184 ximium
1292 3105 1384 3199 fuit,
1426 3106 1510 3207 ipfis

246 3207 287 3282 in
315 3208 451 3308 prima,
478 3223 517 3282 ut
543 3208 671 3306 ajunt,
707 3205 871 3282 instantia
896 3204 1005 3282 defer·

246 3329 396 3400 rentur,
436 3307 505 3384 sive
541 3308 814 3384 devolverentur
854 3334 915 3408 per
949 3333 1005 3407 ap·

246 3410 504 3512 pellationem.
539 3409 638 3484 Audi
674 3410 911 3484 Hincmarum
938 3412 1005 3482 Ar·

246 3509 510 3612 ebiepiseopum
530 3508 761 3602 Remeusem,
780 3511 843 3608 qui
863 3510 902 3586 in
917 3513 1005 3584 Tra·

105 3674 108 3680 .
247 3613 333 3690 aar.
358 3611 401 3686 de
426 3609 551 3684 Ordin.
578 3613 614 3684 δι
640 3611 746 3688 offic.
779 3613 892 3686 Palat.
918 3615 1007 3710 Cap.

249 3725 311 3789 2'1.
345 3709 435 3808 apud
471 3710 683 3786 ltu-chesne
718 3715 827 3786 Tom.
854 3738 889 3788 a.
925 3716 1005 3788 Rer.

247 3811 409 3887 francic.
435 3808 605 3909 inbgnem
623 3811 774 3884 Palatini
795 3814 930 3885 Comitis
948 3841 1004 3888 au·

246 3913 453 3992 &toritatem
488 3909 545 3984 his
575 3911 732 4010 explicat
763 3913 905 3988 verbis:
947 3921 1006 3988 Co·

247 4016 340 4094 eritis
364 4011 511 4103 Palatii,
547 4011 632 4084 inter
655 4033 756 4084 cetera
785 4035 886 4112 paene
913 4015 1005 4086 innu-
1038 4023 1071 4092 D

246 4115 438 4205 mutabilia,
474 4113 509 4186 in
543 4113 597 4185 bae
621 4114 757 4188 maxime
783 4113 952 4208 sulicitudo
976 4143 1006 4187 e·

246 4241 324 4309 nar,
358 4237 396 4288 ut
420 4215 668 4314 amnes.iegaies
692 4211 834 4310 eauffie,
869 4240 948 4312 quae
971 4243 1006 4290 a·

246 4321 313 4394 iibi
329 4338 415 4392 ortae
428 4337 554 4416 propter
576 4317 749 4415 aequitatis
768 4315 927 4410 juditium
943 4324 1010 4392 Pa·

247 4421 366 4496 iatium
404 4419 692 4516 aggrediebantur,
720 4416 808 4512 julie
840 4445 879 4493 ae
912 4420 1007 4494 ratiu-

248 4519 400 4596 rabiliter
424 4521 668 4614 detenninaree,
698 4521 756 4615 seu
777 4519 922 4617 peruerse
950 4518 1006 4614 ju·

247 4624 358 4698 dicata
391 4623 437 4694 ad
469 4619 642 4720 aequitatis
675 4622 834 4696 tramitem
868 4623 1009 4696 maduer-

247 4745 332 4801 ιιι,
359 4724 486 4822 Ingens
522 4719 557 4796 ei
594 4721 786 4798 audioritaa
826 4739 1009 4822 propterea

248 4823 320 4902 tuit
342 4823 381 4898 in
407 4820 610 4923 hujusmodi
638 4823 804 4922 judiciis,
830 4826 945 4900 immo
970 4823 1010 4898 in

249 4925 448 5018 omnibus,
486 4950 577 5024 quae
615 4921 820 5028 spediabant
858 4925 901 5000 ad
943 4923 1008 5000 ser·
1041 4926 1071 4996 E

249 5028 364 5102 vanda
383 5032 520 5127 Regum
546 5027 647 5128 jura,
674 5026 923 5128 publicamque
942 5031 1008 5102 Re·

247 5127 311 5230 gni
353 5126 511 5227 quietem
553 5126 722 5206 tuendam
762 5125 857 5206 redii
898 5127 1012 5206 admi·

1102 3208 1155 3309 pis
1196 3209 1397 3307 praecedere
1436 3105 1858 3302 conirieeviiirciipeeiidbii

1100 3307 1261 3386 nuntiare
1288 3310 1379 3410 Regi
1414 3310 1555 3386 Cauffas
1582 3307 1857 3398 Ecclesiasticus,

1098 3411 1151 3486 ita
1169 3408 1269 3486 fuiffe
1287 3411 1446 3486 Comitis
1469 3409 1599 3486 Palatii
1620 3409 1856 3488 saecularium

1098 3511 1241 3588 Cautius
1267 3511 1309 3587 ad
1336 3517 1388 3588 Re
1412 3539 1468 3587 em
1494 3511 1646 3588 deferre.
1682 3517 1733 3586 De
1758 3511 1858 3582 unni·

1099 3613 1200 3710 bur(
1217 3611 1269 3688 ita
1296 3611 1360 3688 ille
1387 3539 1510 3690 inibit
1536 3618 1626 3714 Cap.
1657 3613 1745 3712 19.)
1779 3617 1859 3684 Sae-

1098 3714 1256 3790 cularibus
1282 3716 1392 3809 enufflr
1420 3717 1475 3788 uei
1504 3714 1640 3810 judiciis
1667 3710 1859 3809 suscipiendi

1098 3841 1202 3890 ruram
1229 3815 1383 3904 instanter
1408 3816 1566 3906 babebat,
1600 3816 1649 3888 ita
1682 3833 1719 3886 ut
1744 3819 1859 3888 saeca-

1079 3919 1181 4036 1iarer
1203 3917 1294 4009 prius
1319 3923 1478 3988 Domuum
1505 3925 1625 4009 Regem
1651 3912 1765 4012 absque
1790 3912 1859 4008 ejus

1098 4016 1238 4108 consultu
1264 4017 1440 4110 iuquietare
1465 4013 1574 4109 neeeffe
1601 4043 1662 4090 non
1687 4017 1859 4105 baberent,

1098 4115 1250 4214 quousque
1271 4116 1327 4186 iiie
1345 4117 1569 4212 praevideret,
1584 4115 1618 4202 st
1635 4118 1790 4210 neeeffitas
1812 4114 1863 4208 es.

1091 4217 1164 4311 set,
1189 4236 1226 4288 ut
1251 4213 1354 4310 ruuffa
1379 4238 1455 4290 aute
1479 4225 1602 4312 Regem
1633 4219 1742 4290 meriti
1766 4216 1859 4288 erni·

1099 4345 1132 4392 re
1155 4320 1295 4391 deberet.
1330 4318 1370 4388 Si
1394 4325 1469 4388 ueri
1494 4317 1613 4410 secreta
1638 4316 1710 4415 effer
1734 4314 1858 4410 cauffa,

1099 4444 1194 4519 quum
1216 4418 1308 4517 prins
1332 4440 1510 4516 congrueret
1534 4421 1643 4518 Regi,
1674 4423 1769 4517 quim
1793 4415 1860 4487 rui·

1099 4547 1194 4620 quam
1212 4520 1309 4595 alteri
1325 4521 1445 4611 dicere,
1463 4527 1601 4594 eumdem
1617 4520 1745 4594 dicendi
1761 4519 1861 4588 imum

1099 4625 1200 4695 eidem
1226 4619 1288 4719 ipsi
1315 4642 1540 4718 praepararet,
1570 4619 1745 4694 intrantia
1767 4619 1861 4715 priua

1100 4732 1210 4820 Rege,
1237 4743 1273 4794 ut
1297 4723 1352 4796 boe
1370 4721 1470 4816 jaina
1491 4725 1616 4796 mudum
1637 4722 1784 4820 perstem
1805 4719 1861 4790 uei

1099 4824 1349 4916 bmurabiiiter,
1383 4826 1439 4896 vei
1460 4826 1642 4921 patienter,
1677 4823 1733 4896 vei
1765 4821 1862 4896 aian

1101 4925 1341 5018 misericorditer
1355 4925 1545 5022 susciperet.
1571 4927 1753 5025 Leguntur
1770 4947 1862 5021 quae

1102 5025 1207 5102 babet
1234 5024 1791 5126 Du·CangiuaDissertet.X1V.
1818 5023 1861 5098 ad

1095 5127 1332 5221 Joinvillam,
1365 5129 1403 5200 tr
1429 5127 1469 5200 in
1494 5125 1669 5204 Gloisario
1694 5129 1856 5206 Latino.

1128 5232 1207 5332 Pp
1255 5253 1284 5306 a
1694 5231 1808 5308 Erant
