4626 6152
498 439 585 524 407
747 403 1756 524 ANTIQUIT.MEDIIAEV1
1905 415 1993 524 408

439 525 531 602 illud
558 525 653 602 idern
675 523 858 602 cofirmare
879 525 1020 601 videtur
1046 528 1200 626 praelau·
1231 529 1269 604 A
1298 529 1433 604 duobus
1457 525 1551 602 natis
1580 525 1648 605 suia
1672 531 1823 602 alterum
1850 526 2053 602 Constanti·

438 627 540 702 datur
564 629 727 702 Andreas
761 628 944 702 Dandulus
972 629 1203 706 venetiarum
1297 630 1458 731 nopolim
1485 627 1601 720 miset,
1627 629 1682 727 qui
1701 633 1743 704 ab
1768 633 1954 726 Imperatore
1975 637 2054 702 Len·

440 733 552 823 Dux,
588 757 697 828 quum
733 730 773 805 in
809 729 871 804 suo
898 729 1084 807 Chronico
1119 735 1203 810 Lib.
1296 761 1335 806 ne
1358 734 1501 806 brnrrnn
1528 734 1675 829 Hyperi,
1696 732 2054 826 srulnprrr'alr'scnn·

440 835 525 905 Vls.
560 835 649 929 Cap.
682 855 737 930 13.
765 829 908 907 scribit:
944 834 1137 932 Nicephrrrrr
1160 846 1202 908 0-
1288 835 1394 928 salis,
1420 835 1577 910 obtinuit.
1601 832 1730 908 Tradit
1757 831 1850 906 idem
1870 831 2050 934 Scriptor‚

440 933 575 1005 rienrnle
600 935 771 1024 Imperium
798 933 936 1032 suscepit
960 943 1064 1008 Anno
1090 940 1200 1010 Drmr’·
1295 935 1438 1011 circiter
1462 941 1610 1010 Annum
1640 936 1855 1008 DCCCXL.
1882 935 2051 1009 Venetias

441 1037 479 1106 rti
505 1039 687 1108 DCCCllI.
715 1036 779 1108 Hie
803 1038 945 1108 Nuntios
962 1039 1075 1110 Cnrrlr
1096 1039 1141 1110 mi
1153 1063 1203 1132 rt,
1293 1035 1461 1113 accessisse
1487 1035 1724 1112 Theodosium
1746 1032 1960 1125 Patricium,
1987 1032 2052 1133 qui

441 1137 486 1208 Φ·
510 1163 577 1208 tum
602 1163 636 1208 eo
656 1137 770 1228 foedus
796 1138 894 1212 iniit.
920 1143 960 1212 ln
986 1139 1040 1212 ltoe
1060 1139 1203 1233 fudere,
1294 1139 1456 1238 lntprrinli
1482 1141 1603 1212 nomine
1638 1147 1767 1212 Petrum
1793 1141 1911 1212 Ducant
1934 1143 2053 1234 spatae

435 1238 494 1331 serr
527 1246 672 1327 atcerte,
715 1239 902 1314 nonunatim
928 1239 1100 1331 firmarunt
1133 1244 1203 1334 est,
1296 1243 1378 1313 mum
1403 1241 1533 1338 smperii
1557 1241 1743 1331 constituit,
1780 1239 1824 1310 U*
1851 1241 1980 1308 Venetos
2005 1265 2054 1310 re.

441 1343 526 1436 quod
561 1343 814 1414 VENETME
850 1344 972 1431 Urbes,
1008 1343 1052 1414 (9
1078 1345 1202 1416 mariti·
1294 1342 1512 1438 quifrvit‚,rrt
1537 1365 1642 1416 eontra
1666 1349 1838 1415 Saracenos
1861 1354 2052 1436 apparntnrn

440 1467 509 1512 mat
548 1446 888 1534 DALMATIAE,
928 1470 1008 1541 quae
1041 1445 1079 1517 in
1117 1450 1200 1518 DE·
1234 1445 1262 1517 B
1294 1445 1439 1516 bellicum
1475 1444 1598 1516 »uetere
1635 1443 1785 1516 velociter
1820 1463 2053 1540 mutarent.

443 1547 643 1614 VOTIONE
657 1544 788 1638 smperii
813 1545 959 1618 illibatae
980 1547 1202 1644 perstiterunt,

442 1647 485 1718 ab
520 1643 650 1740 Imperio
688 1646 883 1718 occidentali
921 1673 1117 1745 nequeam
1149 1651 1200 1722 de·

442 1747 539 1818 beant
552 1745 709 1833 molestari
718 1799 728 1835 ,
744 1747 883 1842 invadi,
899 1751 956 1822 'uel
969 1751 1123 1823 minorati
1136 1752 1204 1824 &a

441 1847 591 1920 Suberat
625 1865 720 1922 certe
745 1850 892 1924 Graecia
917 1849 1084 1952 Augustis
1119 1854 1201 1927 Des·

439 1947 577 2022 mutiat
615 1976 700 2048 crgo
725 1951 760 2022 δε
788 1953 938 2026 Venetiae
972 1955 1007 2026 ia
1041 1955 1205 2026 anniane

440 2049 573 2144 Imperii
598 2047 698 2124 fuisse
725 2049 912 2128 videntur.
948 2057 996 2127 Et
1022 2053 1132 2154 reipsa
1159 2082 1203 2129 ex

443 2149 563 2238 bello,
591 2149 687 2246 quod
714 2149 841 2224 deinde
867 2155 976 2228 Anno
1004 2159 1203 2231 nccctx.

441 2251 478 2324 δι
506 2252 689 2324 occet.
714 2249 888 2350 agitatum
916 2253 961 2328 ess
986 2253 1082 2332 inter
1098 2261 1205 2332 Grae·

1295 1549 1417 1622 Petrus
1442 1545 1503 1623 iste
1529 1547 1568 1620 in
1595 1544 1803 1642 Diplomate
1828 1540 1998 1620 Lorhmi
2023 1545 2055 1618 1.

1294 1645 1444 1749 Augusti
1478 1673 1590 1748 nuper
1614 1663 1810 1722 memorato
1845 1643 2054 1722 inscribitur

1292 1757 1406 1822 Petrus
1443 1756 1522 1824 Dure
1560 1751 1604 1822 (P
1635 1749 1808 1846 spatarius
1842 1753 2054 1838 Venetorum,

1294 1851 1361 1926 hoc
1386 1849 1460 1944 est,
1493 1853 1663 1948 spatarius
1691 1850 1822 1948 lmperir'
1855 1846 1957 1948 super
1982 1853 2053 1923 Ve-

1295 1971 1417 2027 netos.
1453 1955 1565 2028 Anno
1598 1950 1730 2051 pariter
1763 1953 2053 2026 DCCCLxxx.

1295 2053 1388 2146 Ursus
1416 2059 1493 2126 Dua
1529 2060 1711 2126 Venetorum
1741 2075 1801 2151 pet
1832 2052 2053 2151 Aponisarioe

1295 2154 1415 2240 Bafilii
1453 2156 1654 2252 imperatoris
1688 2155 1943 2252 Protospntarirtt
1976 2155 2053 2250 effla.

1293 2256 1381 2347 tius,
1416 2258 1529 2353 magni
1549 2257 1696 2352 pandens
1721 2279 1889 2354 campanas
1915 2260 2054 2352 strepera-

442 2377 505 2426 cos
522 2352 557 2424 δι
579 2349 771 2451 Pippinunt
792 2353 919 2430 Italiae
937 2360 1091 2459 Regem,
1111 2359 1204 2458 quod
1232 2353 1264 2428 C
1295 2358 1356 2428 tori
1388 2357 1574 2455 delegauit.
1608 2357 1707 2432 Idem
1744 2357 1788 2432 de
1824 2354 1944 2456 paucis
1970 2357 2054 2432 aliie

441 2453 483 2530 in
511 2452 655 2528 vetustis
681 2457 894 2530 Francorum
924 2459 1125 2535 Annalibus
1147 2461 1203 2536 de·

442 2554 615 2656 scriptum
639 2553 829 2648 habemus,
854 2557 980 2635 deduci
999 2561 1131 2659 potest,
1157 2567 1203 2636 0·

443 2655 652 2732 rientalium
679 2659 937 2750 Imperatorum
962 2661 1095 2738 ditioni
1122 2682 1206 2739 tunc

444 2759 567 2856 aliquo
603 2785 647 2832 ex
688 2758 794 2854 patto
827 2780 888 2836 aut
923 2762 1061 2840 sordere
1095 2767 1203 2840 obno-

443 2859 523 2935 atita
549 2857 648 2934 luisse
673 2860 865 2937 Veneticae
890 2863 1044 2940 Insulas.
1070 2869 1119 2941 Et
1145 2893 1204 2966 po·

441 2959 616 3037 tiffimitm
643 2987 754 3062 quum
782 2961 821 3038 in
852 2963 977 3040 iisdem
1005 2967 1206 3044 Annalibus

440 3064 601 3138 tradatur
626 3063 670 3138 ad
697 3067 846 3140 Annum
886 3069 1066 3144 Dcccx.
1093 3073 1199 3146 Caro·

443 3167 519 3239 sum
555 3169 730 3264 Magnum
767 3193 886 3266 pacem
924 3169 1091 3268 pepigisse
1125 3199 1205 3246 cum

1294 2457 1484 2534 memoriae
1509 2457 1689 2559 proditum
1708 2458 1851 2550 videas,
1873 2457 1948 2558 posi
1964 2485 2056 2558 quoa

1294 2563 1432 2636 nullum
1453 2557 1600 2654 superest
1618 2559 1825 2662 vestigium,
1852 2587 1926 2660 quo
1941 2559 2054 2636 ,innon

1295 2661 1427 2754 tescat,
1460 2689 1545 2736 num
1582 2665 1688 2760 plena
1713 2661 1929 2738 auetorieare
1962 2660 2053 2736 srue·

1295 2781 1414 2838 rentur
1440 2761 1596 2856 Veneti,
1621 2765 1730 2838 &an
1755 2765 2055 2864 ampsiuaDucea

1294 2893 1337 2940 ex
1365 2865 1439 2965 jure
1464 2869 1680 2940 Graecorum
1705 2866 1897 2942 Caesarum
1924 2865 2053 2964 pende·

1294 2985 1392 3042 rent.
1417 2969 1565 3042 Saeculo
1590 2967 1742 3042 Decimo
1769 2970 1837 3068 (ut
1861 2969 1982 3044 ousion
2007 2967 2056 3042 cst

1296 3073 1417 3144 Petrus
1444 3069 1611 3144 Damiani
1638 3070 1678 3145 in
1705 3070 1793 3146 Vita
1827 3070 1949 3146 senui
1983 3074 2055 3144 Ro·

1295 3171 1429 3247 mualdi
1447 3175 1538 3270 Cap.
1559 3173 1619 3270 ς.)
1646 3175 1771 3246 Petrus
1796 3171 1962 3246 Urseosus
1984 3176 2055 3248 Ve-

441 3265 610 3350 Graecis‚
637 3268 675 3339 in
702 3292 772 3363 qua
797 3269 939 3354 Nirisnro
958 3273 1121 3345 Venetiam
1138 3277 1205 3346 red·
1234 3261 1266 3329 D
1293 3271 1468 3348 netiarum
1496 3276 1583 3347 Dux
1614 3271 1748 3345 escaus
1772 3271 1846 3362 est,
1880 3271 2056 3348 seditione

440 3367 549 3440 tidie.
576 3371 661 3440 Non
688 3385 783 3442 certe
807 3367 913 3469 hujus
937 3372 1094 3448 nominis
1123 3378 1203 3450 Pro·

441 3467 625 3542 vinciamt
653 3495 739 3570 engo
763 3470 838 3568 ejus
863 3473 1022 3551 nominis
1049 3477 1201 3551 Urbem.

442 3573 546 3666 Quae
580 3568 605 3644 fi
642 3598 724 3646 vera
764 3571 870 3664 sunt,
910 3575 1090 3651 neminem
1131 3579 1204 3678 jure

441 3671 573 3746 merito
593 3672 721 3772 pudeat
739 3692 800 3747 aut
818 3675 961 3750 toedeat
979 3677 1102 3752 nostris
1116 3696 1202 3753 tem·

441 3772 615 3874 poribus,
649 3773 744 3867 quod
780 3774 870 3848 olim
907 3775 964 3854 sua
991 3779 1135 3854 Civitas
1161 3783 1204 3855 ab

441 3899 564 3950 eorum
595 3871 798 3974 Principum
836 3875 911 3976 jure
936 3879 1061 3978 aliquo
1086 3909 1130 3957 ex
1156 3883 1201 3958 ti·

439 3978 521 4051 tulo
547 3974 733 4068 penderet,
769 3977 832 4076 qui
859 4007 931 4054 non
958 3979 1071 4058 solium
1098 3985 1137 4058 in
1164 4014 1200 4060 u·

439 4077 615 4152 niversam
652 4077 817 4172 Italiam,
854 4080 911 4158 sed
945 4084 982 4157 in
1019 4103 1076 4160 tot
1112 4087 1200 4162 alias

1296 3373 1475 3450 commoti
1512 3370 1551 3444 in
1591 3369 1753 3444 Vitalem
1791 3371 2055 3446 Candianum.

1296 3483 1361 3548 Hoe
1396 3477 1497 3571 igitur
1521 3473 1634 3560 mdo,
1664 3467 1785 3567 inquit
1811 3469 1903 3562 ille,
1936 3477 2052 3544 Petrus

1295 3575 1473 3650 Delmatici
1506 3571 1616 3668 Regni
1648 3570 1850 3667 adeptutrfl
1882 3571 2052 3668 Principe·

1294 3701 1380 3750 trrrn.
1407 3676 1506 3750 Hinc
1533 3672 1660 3764 habes,
1687 3691 1821 3772 quanta
1845 3699 1889 3748 eo
1915 3692 2053 3772 tempo·

1295 3807 1329 3853 re
1354 3777 1447 3853 soret
1474 3782 1717 3868 Venetorum,
1750 3801 1945 3874 eorumque
1979 3779 2057 3852 Du·

1293 3879 1343 3955 cis
1368 3878 1546 3980 dignitas,
1572 3895 1680 3976 atqua
1703 3877 1939 3953 Automatia.
1967 3881 2053 3952 Cer·

1294 4006 1328 4056 te
1353 4006 1463 4079 quum
1490 3980 1527 4054 in
1555 3978 1630 4054 dies
1656 3977 1868 4056 decresceret
1893 3979 2062 4080 potentia

1293 4111 1332 4158 ac
1359 4083 1474 4158 victus
1499 4081 1696 4156 Orientalis
1731 4081 1905 4180 Imperii,
1940 4079 2052 4154 credi·

439 4185 603 4280 Europae
637 4205 678 4253 ac
706 4179 809 4256 Afrae
846 4184 1081 4262 nobilissimas
1117 4191 1202 4262 Pro·
1234 4179 1262 4248 Ε
1294 4187 1367 4260 bile
1404 4185 1479 4277 est,
1518 4189 1676 4260 Venator
1715 4180 1837 4256 sensam
1875 4181 2051 4281 integrant

440 4279 580 4403 vincias
616 4279 702 4357 adeo
741 4285 930 4386 magnifice
969 4287 1050 4365 sunt
1088 4289 1203 4367 domi·

442 4403 544 4462 nata.

491 4491 690 4578 Ceterum,
730 4486 854 4562 eodem
890 4491 1057 4570 Danduso
1091 4498 1203 4590 teste,

442 4589 587 4666 circiter
619 4617 658 4664 ea
700 4607 859 4687 tempora
902 4594 1049 4672 Nicetas
1090 4599 1201 4673 Patri·

440 4695 538 4784 cius,
573 4695 608 4767 δε
645 4697 798 4766 Graecae
833 4695 943 4770 Classi
979 4699 1202 4794 praetentus,

440 4794 588 4869 'Venetiae
613 4797 782 4886 arradens,
808 4797 950 4868 Obelerio
974 4800 1061 4872 Drter‘
1083 4811 1200 4899 Spata-

439 4898 483 4966 rii
507 4897 639 4970 titulum
664 4925 703 4970 err
727 4897 894 4995 Imperiali
928 4900 1103 4998 largitione
1124 4931 1199 5000 grn-

438 4997 514 5086 tr'nse
538 5000 699 5094 ennrrfflr.
727 5000 888 5100 Angelus
915 5027 1059 5101 quoquc
1086 5010 1199 5080 Vene-

1295 4288 1514 4364 Libertatem
1541 4283 1605 4360 fibi
1631 4283 1831 4382 antiquitus
1855 4281 2051 4358 asseruisse.

1296 4393 1467 4464 Attamen
1485 4389 1544 4462 vel
1570 4385 1632 4460 sub
1651 4383 1927 4485 Imperatoribus
1943 4389 2053 4460 Grae·

1295 4492 1344 4566 cis
1371 4492 1487 4586 ampla
1514 4512 1555 4562 rc
1581 4486 1726 4562 illustris
1754 4486 1948 4563 aratorius
1982 4485 2053 4564 suit

1294 4599 1511 4668 Venetorum
1538 4589 1720 4682 Ducibus,
1745 4587 1855 4690 idque
1879 4588 1984 4668 finili
2009 4588 2052 4664 de

1293 4695 1429 4788 causes,
1456 4721 1525 4793 qua
1552 4691 1795 4768 Beneventani
1823 4690 2003 4790 Principes
2029 4693 2047 4764 a

1296 4801 1428 4896 Regum
1457 4794 1666 4870 Italicorum
1692 4796 1788 4868 Aula
1809 4791 1917 4868 nimis
1936 4818 2049 4867 remo·

1296 4898 1325 4972 ri
1365 4897 1487 4973 latiori
1528 4897 1695 4990 potestate
1735 4895 1815 4971 sunt
1852 4892 2049 4974 dominati.

1295 4999 1447 5075 Proinde
1471 5025 1712 5098 quaecumque
1739 5014 1967 5071 monumenta
1993 5025 2053 5072 ve.

438 5096 570 5176 tiorum
599 5106 705 5196 Dux,
740 5101 902 5180 Obelerii
928 5102 1121 5204 sacratior,
1158 5103 1221 5192 exi
1274 5103 1408 5194 lterum
1436 5105 1655 5182 Venetorum
1683 5105 1822 5174 Ducum
1850 5097 2053 5196 supersunt,

1887 5199 2002 5306 supre-
