4628 6150
467 403 552 506 'uu
728 385 1166 506 tuoruum.
1226 381 1726 484 maurontus
1886 429 1973 513 492

410 505 678 607 imperatricem
707 507 928 608 Augustam,
956 510 1091 594 qubraru
1118 511 1175 580 im·
1203 511 1232 582 A
1262 508 1333 582 vico
1359 512 1546 604 Imperatore
1578 518 1734 609 quondam
1769 515 1900 612 corrrcffa
1932 520 2003 610 fuit
2017 515 2037 613 ,⁸

403 607 542 710 pluralis
568 613 784 700 clementiam,
811 611 964 705 quatinus
989 618 1112 682 Cortem
1139 639 1173 682 sc·
1262 615 1302 684 de
1329 617 1428 694 norico
1453 615 1618 708 imperiali
1638 616 1713 708 jure
1746 647 1785 692 ac
1817 613 2033 694 dominatione
2076 621 2080 630 ⁴

409 740 487 785 osam
501 713 587 806 juris
605 713 700 801 noflri
724 710 852 784 Palacii
863 767 874 801 ‚
897 737 956 808 que
977 713 1097 804 dicitur
1116 721 1172 786 Le·
1264 715 1298 784 in
1331 711 1387 804 ius
1409 716 1653 809 proprietarium
1678 747 1715 792 ac
1746 743 1912 816 perennem
1943 741 2032 819 pote·

409 815 534 886 menois
560 816 594 888 in
619 816 783 888 Comitasu
810 811 1029 909 Bergomessb,
1057 820 1102 887 ad
1120 839 1173 913 pe·
1256 818 1373 902 starem
1400 813 1460 910 ipſs
1479 815 1692 910 Cobunrado,
1720 825 1870 919 uxorique
1889 823 1947 915 sose
1966 829 2033 894 Es.

411 941 537 987 sennem
559 917 779 1013 proprietatem
807 914 867 1010 ipfi
895 917 939 986 θ
967 917 1082 990 Uxori
1110 917 1178 1012 ejus
1264 915 1458 1012 nsenguudi‚
1491 939 1587 1014 arque
1620 921 1787 996 heredibus
1811 949 1913 994 eorum
1940 946 2031 996 esau.

412 1011 678 1118 Ermeugundi,
715 1019 758 1088 (y
779 1015 869 1110 filiis
894 1038 989 1113 atque
1013 1021 1177 1091 heredibus
1263 1017 1443 1110 sfundimus
1478 1021 1521 1086 θ
1550 1021 1709 1094 occidimus
1742 1043 1837 1122 atque
1865 1025 2029 1115 confirma·

410 1147 448 1194 ac
469 1121 689 1216 proheredibus
712 1145 814 1192 eorum
836 1141 895 1215 per
921 1117 1017 1204 nostre
1042 1121 1174 1193 auiiori·
1265 1147 1353 1210 mus,
1378 1117 1531 1214 quatinus
1552 1126 1595 1194 ab
1620 1125 1773 1198 hodierna
1797 1129 1852 1198 die
1875 1155 1912 1200 ac
1936 1128 2027 1198 dein·

409 1223 493 1297 tatis
510 1229 661 1320 Preoepto
680 1223 926 1294 concederemus.
948 1227 1090 1315 ‚Quorum
1105 1245 1168 1321 pre·
1263 1243 1330 1319 ceps
1352 1223 1486 1292 liberam
1504 1221 1690 1311 [accusarem
1710 1255 1748 1299 ac
1766 1228 1948 1324 potestatem
1970 1229 2028 1300 br·

412 1323 502 1398 cibus
521 1349 629 1398 aurem
651 1325 811 1396 clementie
833 1323 932 1409 nostre
953 1329 1087 1414 dantes,
1108 1341 1174 1420 pr‘e·
1262 1327 1358 1395 beant
1377 1321 1523 1412 faciendi
1545 1351 1582 1394 ex
1608 1325 1684 1422 ipsis
1710 1331 1799 1399 nebus
1823 1330 1976 1426 quicquid
1992 1357 2027 1399 e.

411 1427 611 1500 nominatam
635 1433 759 1498 Correus
785 1424 955 1496 Lcmcunis
988 1448 1056 1497 cum
1078 1426 1176 1496 omui·
1203 1425 1418 1528 Bllogeriun
1443 1424 1595 1496 videlicet
1618 1428 1809 1519 alienandi,
1833 1433 1889 1501 uei
1914 1433 2027 1528 quibus

406 1532 472 1604 Irus
488 1527 678 1623 adjacentiis
697 1530 741 1596 (Ὺ
754 1524 960 1623 pertinentiis
977 1527 1049 1620 suis
1074 1527 1108 1596 io
1129 1529 1171 1597 iu·
1244 1525 1423 1596 'voluerint
1444 1525 1591 1598 donandi
1623 1529 1753 1624 absque.
1768 1531 1912 1625 aiimjus
1942 1557 2028 1629 rupe.

410 1653 561 1727 regrum,
592 1629 713 1722 scilicet
739 1627 899 1724 utriusque
923 1628 1046 1700 ordinis
1071 1655 1107 1708 ar
1126 1627 1171 1720 Je-
1262 1629 1374 1698 risione
1398 1648 1493 1721 atque
1518 1629 1786 1723 contracturam,
1816 1630 1943 1727 suffosis
1966 1661 2028 1705 sm·

409 1757 472 1804 scus
489 1730 652 1823 familiis,
678 1728 864 1820 forestibus,
890 1728 1066 1824 precariis,
1094 1729 1173 1799 redi·
1258 1730 1354 1824 dique
1381 1727 1638 1821 scripturarum,
1667 1730 1702 1816 fi
1725 1736 1954 1830 apparuerint,
1978 1736 2026 1806 ti·

274 1909 283 1920 ,
410 1835 521 1924 tibus,'
555 1860 624 1924 cum
649 1832 812 1922 omnibus,
848 1857 906 1925 que
929 1831 996 1902 dici
1030 1851 1089 1902 aus
1122 1858 1173 1902 no·
1259 1829 1358 1917 subis,
1392 1827 1633 1922 aquibusiibet
1657 1833 1812 1928 digestis,
1846 1837 1901 1906 uel
1925 1837 2025 1909 oriam

410 1935 531 2008 minari
557 1931 682 2030 poffuut
706 1943 751 2004 ad
776 1937 906 2004 condem
932 1938 1055 2002 Correm
1080 1933 1173 2027 respi·
1254 1930 1383 2015 filcusis
1402 1929 1513 2004 sortis.
1539 1937 1589 2002 Et
1609 1953 1647 2004 ort
1663 1935 1774 2008 votius
1788 1939 1934 2012 credatur
1950 1940 2021 2012 &c-

409 2037 586 2126 cientibus,
604 2033 688 2121 sicus
710 2037 733 2104 b
752 2031 864 2124 saniir
886 2035 1028 2107 montorio
1047 2037 1173 2110 illurn·
1240 1961 1247 2120 i

451 2455 453 2460 ,
563 2439 701 2539 siguum
726 2440 847 2517 Domui
872 2440 1022 2516 Wrdonic
1059 2279 1307 2646 D&
1355 2439 1570 2538 gioriofiffimi
1593 2443 1814 2540 imperatoris.
1971 2540 1976 2548 .

1129 2611 1246 2756 V

660 3060 689 3128 5
690 3053 799 3152 ignum
818 3051 993 3128 'Lautbcrti
1024 2837 1339 3258 MS
1381 3051 1582 3151 impeteretis
1605 3053 1770 3151 Augusti.

1167 3267 1234 3394 R

506 3565 598 3640 Divo
624 3563 779 3638 Notarius
805 3563 973 3636 cimicem
1001 3559 1159 3634 Heibunci
1182 3557 1472 3634 Arabicanceiiarii
1497 3555 1680 3650 recognovi.

404 3723 407 3732 .
453 3673 538 3741 Dat.
566 3667 710 3738 Kalend.
740 3663 858 3752 Maii,
882 3661 1058 3736 Iudiiiione
1078 3669 1118 3734 X.
1146 3668 1248 3734 Anus
1277 3662 1412 3736 Domini
1439 3662 1665 3732 Dcccxcst.
1693 3661 1868 3756 imperante
1893 3667 2017 3734 Domus

405 3768 541 3838 Widone
558 3770 769 3859 imperatore,
793 3763 904 3858 Regni
929 3761 998 3856 ejus
1018 3766 1097 3836 tm.
1121 3764 1250 3859 imperii
1274 3765 1365 3834 iliius
1384 3767 1428 3836 H.
1449 3770 1553 3835 Auno
1572 3762 1742 3834 Laurbcrti
1762 3765 1962 3859 Imperatoris
1985 3767 2014 3839 Ῑ.

453 3865 579 3940 offlam
605 3871 773 3944 Ravenna,
797 3865 832 3938 irs
858 3864 923 3938 Dci
948 3865 1071 3938 nomine
1090 3865 1249 3956 feliciter.
1276 3871 1405 3937 Amen.

407 4139 415 4154 ,
449 4066 517 4143 Uri
546 4065 633 4144 alibi
668 4068 813 4159 monui,
840 4066 1025 4144 cardinali
1052 4071 1155 4149 Baro·
1189 4069 1218 4136 C
1252 4067 1479 4146 sanationem
1500 4064 1583 4141 vide
1602 4065 1692 4142 infra
1714 4066 1892 4142 Dicetur.
1909 4069 2011 4141 vm.

397 4169 461 4246 nio
489 4169 604 4244 visum
639 4169 706 4261 est,
741 4170 942 4246 Guidonem
979 4171 1014 4244 δε
1051 4177 1150 4246 Lam·
1249 4172 1441 4246 deComicib
1469 4167 2013 4267 Heicautemhabemusquem·

303 4343 308 4358 ,
397 4273 535 4348 bertum
555 4269 734 4370 imperiali
751 4277 893 4346 Corona
910 4272 1059 4346 donatos
1078 4270 1152 4345 iuis·
1250 4275 1329 4348 dam
1355 4276 1537 4345 Cous-adum
1565 4271 1801 4352 Marcbiouern.
1830 4270 1926 4363 cujus
1953 4297 2013 4372 ge.

395 4371 453 4466 se,
488 4372 594 4446 illum
621 4374 731 4444 Anno
758 4376 1011 4448 DCCCXCII.
1040 4373 1154 4446 filium
1251 4402 1314 4449 mss
1340 4372 1652 4460 splendidissimum
1679 4368 2013 4465 protractatum,

393 4502 481 4549 vero
505 4473 736 4550 Lambertum
756 4475 865 4546 Anno
886 4476 1156 4550 Dcccxcns.
1250 4476 1390 4570 quando
1417 4483 1556 4549 Patruus
1582 4475 1626 4542 ti*
1652 4474 1814 4543 Patruelr's
1844 4475 1943 4561 noster
1969 4475 2012 4548 ab

393 4603 483 4674 quae
519 4573 693 4651 sententia
729 4573 927 4674 improbata
963 4575 1008 4650 est
1044 4578 1063 4649 i
1095 4576 1141 4650 do
1249 4577 1328 4670 ipsis
1364 4581 1561 4677 appellatur
1599 4571 1795 4674 Augustis.
1837 4577 2012 4674 Equidem

394 4675 557 4752 &iffimis
577 4675 683 4752 viris.
712 4675 804 4749 Vide
823 4699 911 4774 quae
936 4675 1034 4774 supra
1058 4705 1151 4751 com·
1250 4679 1367 4770 novi,
1405 4677 1615 4754 delicatulus
1651 4701 1873 4776 nequaquam
1913 4673 2013 4748 fuisse

394 4796 572 4856 mentatus
612 4777 686 4852 sum
723 4777 765 4851 de
801 4775 944 4878 Epocha
979 4778 1156 4854 Guidonis
1248 4807 1368 4854 eorum
1404 4787 1604 4880 temporum
1644 4778 1837 4862 Scriptores
1872 4777 1910 4848 in
1951 4774 2012 4849 usu

393 4879 433 4954 in
470 4881 649 4955 Diffettat.
677 4883 742 4954 ili.
767 4882 808 4952 de
835 4884 974 4955 Romani
1007 4886 1154 4976 Imperet.
1186 4929 1219 4998 D
1250 4882 1458 4956 Latinarum
1498 4907 1650 4969 vocum,
1685 4883 1719 4952 or
1757 4881 1775 4951 a
1811 4875 1934 4949 multis
1960 4903 2015 4951 re·
2165 4937 2171 4946 .

393 4983 426 5054 be
448 4979 539 5057 infra
558 4980 710 5057 adferam
731 4980 768 5056 in
793 4981 970 5056 Differtat.
991 4987 1155 5056 XXXIV.
1229 4993 1304 5058 'tro
1324 4984 1477 5059 saeculis
1497 4981 1712 5059 consuevisse
1735 4985 1843 5078 Reges
1863 4977 2013 5052 titulum

391 5089 431 5160 ce
444 5083 621 5182 Diplomat.
639 5083 747 5180 Quod
761 5083 808 5160 est
827 5084 871 5162 ad
893 5084 1079 5162 Lamberti
1099 5111 1155 5160 co·
1251 5089 1380 5160 Fratris
1404 5107 1465 5162 aut
1488 5084 1676 5182 consobrini
1702 5079 1848 5156 honoris
1874 5085 2016 5258 tropum

1092 5239 1094 5244 -
1871 5211 1934 5258 cau
1950 5227 1966 5250 ·
