4628 6148
629 365 1149 460 nisiiirrrio
1208 363 1512 465 raticio.-
1741 410 1827 510 ¹7⁴

259 400 450 565 suliieysne
477 504 622 580 peceato
649 494 741 585 Rex·
764 494 900 592 Regum
927 490 1025 566 vivit
1053 493 1090 566 A
1114 490 1212 581 leas,
1247 493 1282 564 ἃ
1318 493 1424 569 utilia
1452 493 1593 570 animae
1628 507 1711 570 tuae
1746 499 1881 596 jugiter

258 592 296 666 dt
322 590 498 694 gloriatur
524 619 604 668 cum
632 596 710 666 Deo
739 596 842 666 Parte
877 592 917 666 in
944 592 1021 670 uni·

258 709 335 770 tate
361 691 515 770 e'usdem
542 695 693 794 Spiritus
720 694 862 787 Sansli,
889 697 958 770 &c

276 860 278 866 ,
311 721 393 884 Posi
410 797 515 894 Regii
540 794 714 868 nniiienem
742 797 888 895 sequitur
921 804 1023 870 Bene·

259 897 359 974 linio
385 901 533 996 Reginae
556 919 632 970 ante
648 901 788 972 Altero.
817 904 934 992 Deua,
961 900 1025 1000 qui

260 997 355 1076 solue
381 999 487 1074 babes
521 997 856 1091 immortalitatem,
892 1003 1023 1076 lucem·

259 1127 331 1202 que
350 1099 489 1175 habitas
507 1100 804 1194 inaccessibilem,
825 1103 923 1202 cujus
940 1104 1023 1176 Pro-

261 1203 424 1280 videntia
450 1200 490 1276 iii
525 1199 577 1276 sui
604 1200 831 1302 dispositione
857 1230 929 1278 non
959 1202 1022 1279 fal·

261 1305 375 1404 litur3
412 1302 476 1401 qui
510 1300 620 1377 fecisti
647 1330 736 1403 quae
763 1304 881 1379 sutura
916 1303 1023 1398 sunt,

1115 590 1293 692 cogitare,
1307 612 1452 692 optare,
1472 615 1579 696 atque
1593 598 1731 699 operati
1752 623 1882 697 queas,

1115 693 1314 768 auxiliante
1341 699 1500 769 Domino
1527 697 1642 772 nolbn
1668 698 1747 790 Jesu
1773 698 1884 776 Chri·

1116 795 1192 888 sto,
1228 795 1292 894 qui
1319 823 1401 872 cum
1430 799 1593 872 Patre&
1621 801 1745 875 eodem
1772 799 1887 902 spiri..¹

1116 917 1155 972 tu
1191 897 1320 971 Sauilo
1355 897 1514 973 vivit&
1550 918 1673 999 regnat
1711 906 1806 977 Deus
1841 903 1883 981 in

1113 997 1227 1072 secula
1263 997 1484 1074 seculorum.
1522 1002 1662 1075 Amen.
1698 1003 1773 1090 Pess
1806 1005 1882 1080 bere
1964 1065 1967 1074 .

1113 1099 1271 1172 Dominus
1295 1107 1392 1198 Papa
1410 1101 1570 1193 descendit
1587 1106 1610 1173 ὸ
1626 1105 1728 1196 Sede,
1756 1104 1802 1176 θ’
1818 1132 1882 1180 ve·

1112 1201 1163 1274 dit
1187 1207 1233 1274 nd
1257 1204 1380 1276 usitare
1403 1203 1519 1276 saniii
1543 1204 1726 1296 Manritii,
1746 1205 1882 1304 sequen·

1112 1323 1142 1374 te
1166 1303 1278 1376 Eieiie
1305 1303 1350 1375 (9·
1374 1305 1526 1402 Regina.
1563 1311 1613 1378 Ei
1649 1309 1789 1380 Domino
1811 1315 1883 1384 Pn-

262 1409 300 1483 ἅ
327 1431 433 1480 vocae
458 1431 524 1495 ea,
559 1430 650 1503 quae
684 1433 756 1480 non
792 1406 897 1500 sunt,
933 1425 1020 1481 tam·
1058 1395 1155 1501 Bpe
1170 1405 1281 1492 flante
1302 1405 1401 1504 super
1423 1407 1521 1478 limen
1547 1406 1582 1478 in
1609 1406 1748 1480 introitu
1769 1411 1880 1484 Alia·
1983 1445 1987 1453 ·

262 1533 371 1610 quam
396 1532 460 1598 ea,
494 1531 585 1605 quae
620 1505 720 1584 sunt:
760 1509 823 1606 qui
859 1507 1025 1611 superbos

1112 1507 1178 1597 ris,
1205 1505 1338 1578 Elesinr
1354 1507 1420 1594 stet
1445 1529 1616 1581 antaeum
1641 1509 1676 1580 in
1702 1512 1806 1584 medio
1827 1539 1880 1585 re·

263 1635 377 1708 aequo
402 1607 644 1684 moderamine
677 1610 722 1685 de
758 1611 965 1710 Principatu
992 1638 1025 1686 e·
1112 1627 1194 1697 tae;
1218 1611 1264 1680 ad
1286 1607 1376 1703 cujus
1394 1611 1558 1682 dexteram
1573 1613 1640 1698 slei
1657 1611 1790 1708 Regina
1807 1639 1880 1688 eum

263 1711 368 1814 jicio,
394 1727 501 1809 atque
526 1709 680 1786 humiles
703 1713 891 1813 dignanter
916 1714 955 1788 in
974 1712 1027 1790 su·
1104 1709 1163 1803 sex
1187 1709 1353 1809 Episcopis
1375 1712 1504 1784 Palatii
1529 1711 1753 1798 Laterenenlie
1771 1715 1805 1788 in
1827 1741 1882 1804 ve·⁴

223 1811 227 1819 ’
265 1811 376 1888 blime
412 1811 599 1913 provehis:
638 1812 856 1889 ineffabilem
892 1813 1027 1888 miseri·

267 1913 426 1988 cordiam
467 1933 566 1989 tuam
607 1915 779 2015 supplices
819 1941 1027 2005 exoramus,

264 2033 306 2089 ut
331 2013 418 2089 ficut
441 2015 562 2089 Ellber
583 2016 753 2115 Reginam
781 2015 906 2108 lsrael,
933 2015 1026 2092 caus·

264 2115 299 2188 si
325 2114 470 2206 salutis,
499 2115 543 2189 de
570 2117 794 2210 captivitatis
824 2117 903 2194 suae
929 2145 1024 2193 com·

1110 1811 1175 1901 tis,
1201 1811 1368 1908 quaesibi
1388 1811 1510 1911 politae
1535 1813 1638 1906 sunt,
1673 1815 1879 1905 circumstatio·

1110 1912 1197 1984 tibiis
1222 1911 1301 2013 (*),
1322 1914 1456 2012 septimo
1482 1916 1518 1986 in
1535 1913 1638 2009 officio
1654 1919 1791 1992 Aratis
1807 1923 1881 1993 Dnu'

1112 2015 1197 2086 mino
1222 2022 1331 2112 Papae
1358 2014 1539 2108 serviente.
1572 2022 1664 2088 Tune
1688 2018 1881 2094 Oblatione-

1112 2115 1180 2188 rins
1205 2122 1299 2188 Prien
1324 2115 1369 2188 (⁹¹
1392 2117 1554 2189 Secundus
1581 2115 1716 2209 firment
1740 2123 1881 2194 Cinnae

265 2216 353 2316 pede
378 2215 531 2292 solutam
558 2217 601 2292 ad
630 2218 736 2320 Regis
763 2220 885 2294 all'umi
914 2219 1026 2296 thala·
1113 2215 1221 2290 Eleiii
1247 2217 1292 2290 &¹
1317 2219 1464 2316 Reginae
1487 2219 1528 2290 cle
1545 2218 1666 2292 mirari·
1682 2217 1799 2292 Saniii
1815 2227 1882 2294 Pe.

265 2343 387 2410 mum,
414 2319 675 2420 Regniquesui
695 2320 913 2396 consortium
932 2340 1027 2398 trin·
1053 2318 1086 2392 C

264 2418 330 2496 sire
355 2417 487 2513 iecisti,
520 2421 573 2496 ite
607 2423 697 2496 lianc
732 2422 902 2500 simulam
929 2441 1027 2498 tuam

266 2525 315 2598 N.
342 2520 560 2599 humilitatis
586 2521 719 2599 nostrae
755 2525 1028 2619 benediilione,

211 2622 216 2638 ’
266 2621 488 2700 Christianae
514 2626 628 2722 plebis
654 2627 769 2728 gratih
802 2626 950 2720 salutis,
985 2628 1028 2702 ad

266 2723 411 2824 dignam
439 2726 696 2826 sublimemque
716 2729 822 2830 Regis
840 2729 945 2804 nostri
971 2756 1028 2804 co·

267 2827 412 2925 pulum,
435 2827 624 2924 Regnique
641 2829 693 2900 sui
712 2830 939 2928 participium
961 2829 1028 2904 mi·
1066 2883 1068 2890 ι

269 2923 494 2999 sericorditei·
519 2925 661 3000 transire
688 2927 881 3004 concedas.
915 2934 964 3003 Et
990 2949 1030 3006 ut

270 3025 398 3126 Regali
427 3023 566 3100 foedere
602 3027 760 3128 conjugii
795 3028 930 3131 semper
958 3057 1027 3105 ma·

270 3151 358 3200 neiis
372 3125 519 3228 pudica,
538 3129 738 3228 proximam
753 3129 941 3230 dignitatis
957 3136 1028 3233 pal-

260 3252 371 3301 ·inim
396 3227 579 3303 continere
605 3249 736 3328 queat,
773 3231 834 3307 ubi
872 3236 950 3310 Deo
974 3233 1030 3308 vi·
1055 3233 1091 3304 D

268 3352 320 3402 vo
345 3329 380 3404 oc
408 3329 556 3403 veroin
582 3333 747 3424 omnibus
773 3335 809 3407 δι
834 3332 935 3432 super
952 3361 1028 3410 om·

268 3427 329 3503 iiia
356 3429 487 3529 jugiter
510 3433 647 3530 placete
669 3432 835 3509 desideret
857 3438 893 3509 δι
917 3458 952 3512 te
975 3435 1026 3511 iii·

268 3527 445 3630 spirante,
471 3557 561 3630 quae
588 3533 656 3608 tibi
685 3535 815 3633 placita
844 3536 946 3631 sunt,
974 3554 1026 3613 to·

267 3646 308 3705 to
328 3631 431 3707 corde
458 3633 635 3732 perficiat.
664 3640 730 3711 Pet
749 3636 946 3714 Dominum
965 3665 1025 3714 no·

1111 2319 1180 2410 tri,
1206 2319 1251 2390 Θ
1261 2341 1383 2416 ponent
1395 2319 1492 2416 supr
1504 2323 1627 2394 ..ssim
1645 2319 1761 2394 sensii
1772 2325 1879 2394 Μαυ-

1114 2420 1204 2493 titii.
1239 2428 1330 2494 Tunc
1363 2422 1523 2496 Dominus
1555 2427 1650 2521 Papa
1673 2423 1730 2494 det
1752 2429 1880 2498 «sienn-¹

1114 2523 1181 2594 svin
1207 2521 1346 2614 Elicio,
1373 2523 1417 2594 Θ
1441 2524 1555 2596 dicat:
1583 2523 1722 2624 Accipe
1748 2527 1879 2602 Annii·

1114 2624 1213 2715 lum,
1248 2621 1491 2725 signaculum,
1526 2623 1698 2702 videlicet
1738 2623 1879 2704 sanstae

1116 2725 1239 2814 Fidei,
1254 2725 1473 2804 soliditatem
1489 2726 1628 2828 Regni,
1645 2746 1879 2828 augmentum

1115 2827 1317 2925 potentiae;
1346 2854 1407 2926 per
1432 2853 1538 2924 quem
1565 2825 1652 2900 seiae
1679 2827 1878 2926 triumphe·

1112 2928 1141 3001 li
1169 2929 1329 3022 potentia
1355 2927 1467 3000 hostes
1492 2927 1682 3025 repellere,
1718 2926 1877 3004 haeresei

1114 3025 1303 3118 destruere,
1330 3025 1488 3105 subditos
1507 3026 1725 3118 coadunate,
1750 3030 1786 3104 ἀ
1805 3032 1878 3106 Cau.

1116 3127 1270 3202 cholicae
1298 3127 1399 3204 Fidei
1437 3127 1754 3230 perseverabilitati
1790 3157 1878 3206 coii-

1116 3227 1236 3304 nebli.
1273 3234 1340 3305 Per
1364 3232 1433 3305 bic.
1467 3232 1578 3304 Oratio
1609 3231 1677 3327 poli
1700 3233 1878 3306 Anneium

1114 3333 1250 3406 daron:
1276 3335 1397 3426 Deus,
1432 3333 1531 3433 cujus
1556 3331 1604 3410 ell
1631 3332 1751 3409 omnis
1776 3351 1879 3434 pote·

1116 3432 1179 3508 llas
1205 3435 1240 3507 δι
1267 3433 1445 3535 dignitas,
1471 3434 1516 3508 da
1542 3433 1676 3508 famulo
1704 3452 1768 3509 tiio
1794 3460 1877 3534 pro·

1115 3532 1250 3634 sperum
1277 3534 1356 3611 suae
1390 3534 1581 3638 dignitatis
1606 3534 1798 3625 effessum,
1835 3534 1877 3610 iii

1113 3664 1182 3737 qua
1205 3655 1242 3712 te
1267 3657 1512 3715 remunerante
1538 3655 1762 3738 permaneat,
1789 3635 1879 3711 seni·

264 3729 374 3806 llrum
400 3731 515 3822 Jesum
543 3733 743 3813 Christum.
768 3741 944 3836 Sequitur:
970 3747 1025 3816 Sa·
1116 3763 1245 3838 perque
1270 3757 1411 3832 teneat,
1438 3739 1579 3838 tibique
1605 3738 1736 3838 jugiter
1762 3740 1880 3838 place·

269 3833 323 3908 cti
354 3831 477 3908 unilio
511 3836 584 3910 ulei
619 3835 659 3910 in
695 3837 835 3934 peRore
871 3841 1028 3940 Reginae
1117 3865 1153 3913 re
1179 3842 1391 3916 contendat.
1417 3846 1484 3916 Per
1505 3839 1686 3916 Chrillum
1705 3842 1772 3914 dcc.
1793 3839 1881 3912 Hine

169 4027 178 4034 ι
267 3931 421 4033 Spiritus
447 3935 566 4010 sintii
589 3937 703 4036 gratia
727 3939 946 4016 humilitatis
965 3969 1026 4018 no·
1115 3940 1216 4037 cingit
1240 3968 1309 4012 evm
1343 3942 1483 4031 Gladio,
1519 3941 1565 4010 θ
1597 3941 1708 4012 dicit-⁶
1742 3940 1883 4037 Accipe

266 4034 353 4110 strae
377 4033 501 4111 officio
528 4036 667 4136 copiosa
693 4037 898 4134 descendat,
923 4061 965 4118 ut
990 4041 1026 4116 fi.
1117 4039 1210 4114 hunc
1231 4041 1401 4115 Gladium
1422 4066 1502 4116 cum
1525 4038 1596 4114 Dei
1616 4039 1884 4132 beneffidislio·
1984 4093 1997 4104 .

269 4157 330 4213 cut
350 4135 513 4212 manibus
531 4136 656 4212 nostris
680 4139 838 4242 indignis
856 4145 938 4219 oleo
957 4171 1029 4220 ma·
1062 4157 1090 4227 E
1116 4167 1160 4215 ne
1185 4141 1255 4216 tibi
1282 4143 1477 4246 collatum,
1513 4139 1553 4214 in
1581 4167 1654 4238 quo
1683 4168 1741 4241 per
1768 4142 1885 4216 virtu·

268 4237 390 4313 teriali
416 4239 531 4314 oblita
563 4239 761 4340 pinguescit
788 4245 965 4336 exterius,
1002 4243 1027 4320 i·
1118 4261 1190 4316 tem
1216 4241 1369 4342 Spiritus
1394 4241 1515 4318 sintii
1542 4241 1692 4319 relislete
1718 4244 1752 4316 δι
1777 4241 1887 4340 ejice·

121 4349 123 4354 ’
268 4354 309 4412 ta
335 4339 409 4434 ejus
435 4338 609 4415 invisibili
638 4341 846 4459 uuguimine
871 4344 1029 4420 delibuta
1116 4369 1153 4418 re
1186 4369 1309 4418 omnes
1345 4342 1516 4418 inimicos
1552 4362 1635 4418 tuos
1663 4346 1810 4430 valeas,
1846 4337 1885 4410 dc

270 4437 490 4538 impinguari
526 4442 691 4518 merearis
727 4443 898 4535 interius,
925 4447 1032 4544 eique
1117 4444 1263 4518 cunilos
1289 4442 1427 4518 sannae
1454 4443 1524 4520 Dei
1561 4443 1738 4520 Ecclesiae
1763 4440 1890 4512 adver·

270 4537 451 4642 spirituali
478 4541 646 4616 unslioiie
672 4543 919 4642 perseilill'ime
945 4547 1025 4621 sem·
1115 4539 1812 4653 sarius,Regnumqiietibicommiffum
1827 4555 1889 4608 tu·

268 4667 333 4743 per
358 4639 519 4732 imbuta,
555 4645 590 4716 8(
617 4644 750 4718 illicita
775 4644 953 4720 declinare
978 4666 1033 4722 to·
1116 4645 1207 4734 tari,
1234 4665 1340 4744 atque
1366 4667 1553 4745 protegere
1573 4644 1681 4719 callia
1708 4645 1799 4723 Dei,
1826 4659 1892 4732 Ρθῐ

269 4757 310 4818 ta
334 4761 456 4820 mente
480 4746 518 4819 δι
547 4742 707 4846 spernere
740 4745 852 4822 discas
881 4745 946 4823 seu
971 4775 1047 4892 va·x
1117 4745 1294 4824 auxilium
1337 4743 1572 4824 irviaiffimi
1612 4733 1889 4916 “imiimi

357 5072 409 5161 (⁸)
429 5073 470 5152 1¹²
490 5083 632 5173 marsim
651 5079 837 5162 adnotaturi
855 5079 1023 5176 [nimum
1042 5081 1205 5176 eniqnnn
1223 5079 1461 5170 consuendum
1480 5071 1632 5162 loquitar.
