4628 6148
377 1216 408 1254 »κ
423 1206 618 1285 ξεῖ
645 1179 708 1260 0st
723 1175 950 1288 Augustalem
964 1209 1006 1259 ae
1032 1188 1068 1263 A
1095 1207 1184 1283 quos
1209 1174 1410 1282 pertinebat
1435 1173 1529 1253 tueri
1564 1171 1672 1250 armis
1708 1174 1862 1252 Provini

531 1288 619 1377 ῑζέὲ
664 1287 812 1388 Regiam
838 1285 1004 1387 Dignita-

501 1412 617 1497 slN,
664 1405 737 1465 tem
755 1388 847 1464 olim
864 1387 1003 1481 suin&

1096 1283 1186 1359 ciam
1212 1281 1278 1358 fibi
1305 1277 1498 1355 traditam.
1533 1277 1680 1354 Sandius
1706 1279 1860 1381 Fulgen-

1095 1386 1167 1461 tius
1194 1386 1232 1460 in
1259 1380 1401 1459 Homil.
1423 1381 1483 1477 56.
1500 1388 1598 1457 Ante
1615 1405 1774 1455 carnorum
1795 1385 1862 1454 ter.

264 1442 316 1479 ,Μ

276 1476 318 1589 J?
411 1580 412 1583 Μ
442 1572 449 1591 Μ
492 1478 620 1613 {stig}
663 1484 776 1566 adhitc
802 1489 848 1566 est
875 1516 1004 1590 magno
1093 1492 1248 1586 peracutis
1270 1486 1461 1584 praecedunt
1496 1489 1694 1577 Mermeros,
1729 1479 1862 1560 Palati·
1896 1462 1918 1526 l

377 1580 431 1693 ξ’,
451 1630 462 1633 1·
492 1596 633 1701 §stup
664 1591 704 1668 in
730 1591 863 1668 honore
890 1597 1003 1670 Duca-

259 1698 279 1757 32
297 1704 338 1809 ΜΞ,
378 1700 478 1797 «Μκῐς
561 1688 621 1798 ζ
665 1693 712 1768 lis
745 1694 938 1796 Dignitas.
968 1698 1004 1767 A

264 1826 385 1897 ,a
418 1792 541 1893 llus?
568 1810 574 1821 “
598 1794 623 1849 -“’
663 1795 1003 1872 militianomenlm·

212 1935 213 1938 =
446 1894 635 1972 ³³¹2...
662 1919 840 1995 pecatorum
850 1923 1005 1997 aequeac

243 1991 369 2060 Ducum
383 1991 504 2088 procul
520 1991 630 2069 dubio
647 1997 819 2096 profluxit
828 2024 842 2100 3
858 2001 893 2072 &
909 2025 1003 2072 men·

244 2090 299 2166 tio
323 2095 447 2163 Ducum
471 2095 528 2166 uel
555 2093 616 2170 sub
643 2097 723 2199 ipsis
750 2099 907 2200 antiquis
936 2107 1004 2173 lm·

215 2234 220 2244 ·
242 2191 462 2288 peratotibus
482 2197 659 2290 occurrit,
684 2200 775 2300 apud
794 2229 882 2300 quos
902 2199 999 2302 ligni·

243 2290 373 2367 ficabat
400 2293 618 2395 splendidam
653 2299 692 2376 in
718 2303 876 2378 exercitu
905 2308 1002 2376 Prae·

242 2390 437 2513 febluram.
465 2402 677 2500 Complures
702 2404 741 2479 in
768 2403 912 2480 Notitia
937 2409 1005 2478 Im·-

242 2520 335 2594 peru
355 2523 603 2579 enumerantur
621 2509 745 2600 Duces,
769 2505 831 2581 uni
858 2506 1003 2581 Provin-

1097 1591 1133 1661 m'
1143 1646 1153 1682 ,
1172 1588 1383 1677 Proteiiores,
1403 1586 1563 1674 Tribuni,
1590 1590 1716 1674 Duces„
1736 1585 1780 1655 Θ·
1796 1589 1859 1656 Co·

1096 1692 1205 1764 anites.
1233 1691 1297 1765 Sed
1325 1691 1424 1788 plura
1449 1713 1493 1762 ex
1516 1685 1780 1786 antiquioribus
1800 1690 1859 1760 Se·
1913 1695 1914 1700 ’
1951 1752 1956 1761 .

1097 1793 1196 1868 culis.
1222 1792 1378 1867 delibare
1412 1792 1520 1865 nolo.
1554 1789 1615 1862 Ad
1653 1788 1860 1890 Langobam

1095 1895 1158 1970 dos
1177 1894 1305 1970 venio.
1332 1893 1402 1968 Sub
1421 1891 1515 1984 illis,
1542 1890 1648 1966 uti&
1670 1889 1730 1964 sub
1751 1895 1860 1964 Fran·

1097 1996 1174 2088 cis,
1210 1993 1335 2070 aliisue
1361 1992 1573 2067 Germaniae
1601 1991 1784 2092 Regibus,
1819 1991 1859 2066 in

1098 2097 1158 2172 usu
1185 2097 1317 2198 pariter
1351 2093 1422 2170 iuit
1448 2091 1643 2194 appellatio
1669 2119 1709 2166 ac
1736 2092 1861 2189 Digni·
1988 2107 1994 2132 ⁸

1097 2221 1148 2274 ms
1173 2205 1328 2287 Durum,·
1353 2221 1545 2294 eorumque
1568 2219 1696 2268 munus
1710 2193 1860 2294 'milita-

1096 2329 1132 2376 re
1159 2319 1255 2392 erat,
1291 2316 1415 2400 utpote
1441 2299 1504 2397 qui
1532 2295 1574 2370 ad
1611 2297 1761 2370 tutelam
1790 2299 1858 2368 Re·

1100 2401 1161 2502 gni
1191 2402 1386 2488 nraeeffenr
1417 2398 1624 2492 militibus,
1652 2397 1690 2472 in
1728 2395 1859 2472 finibus

1101 2501 1317 2604 potillimum
1345 2501 1460 2604 Regni
1488 2499 1661 2602 ejusdem.
1693 2497 1859 2602 Duplicir

244 2596 321 2678 siae
358 2601 551 2695 Praefeb‘ci,
587 2609 622 2680 δε
657 2608 700 2694 ad
737 2606 824 2682 fines
859 2607 1007 2682 tuendos
1094 2624 1216 2681 autem
1253 2604 1389 2706 generis
1424 2601 1541 2690 fuere,
1578 2602 1633 2677 uti
1668 2601 1778 2676 etiam
1807 2625 1862 2675 tn·

244 2697 393 2773 deleili.
421 2706 593 2780 Attamen
621 2707 660 2782 in
679 2693 814 2784 Codice
841 2709 1004 2784 Theodo-

244 2797 341 2878 fiano
367 2801 451 2874 Lib.
479 2811 517 2878 6.
543 2809 623 2882 Tit.
651 2815 709 2884 26.
737 2810 999 2884 animadversio

246 2925 293 2972 ne
334 2898 441 2998 digna
476 2903 522 2976 est
556 2911 636 2982 Lex
673 2915 772 2985 x111.
815 2910 1005 2988 Theodosii

1098 2707 1161 2782 nui
1201 2708 1240 2780 in
1280 2704 1466 2805 Antiquit.
1501 2702 1663 2778 Estcnsrb.
1698 2707 1787 2804 Cap.
1825 2724 1859 2797 ς.
1997 2793 1998 2798 Μ

1101 2807 1270 2883 uidelicet
1303 2809 1469 2898 Minores,
1505 2805 1634 2904 quibus
1660 2831 1729 2884 una
1755 2804 1860 2882 Civi-

1101 2928 1152 2984 tas
1187 2908 1337 3008 regenda
1372 2933 1411 2982 ac
1450 2905 1664 2981 defendenda
1701 2903 1860 2982 tradeba-

245 3000 399 3098 Augusti
426 3002 603 3100 junioris,
632 3005 712 3084 data
739 3015 848 3087 Anno
874 3013 1005 3089 Christi
1033 3011 1064 3083 C
1099 3033 1180 3110 tur;
1207 3012 1242 3083 o<
1262 3007 1429 3104 Majcrer,
1457 3033 1608 3110 quorum
1628 3007 1781 3108 imperio
1805 3005 1859 3080 su·

247 3105 468 3176 CCCCVII.
488 3093 550 3183 ulii
569 3107 655 3184 haec
674 3097 859 3213 leguntur:
889 3120 1002 3187 immu-

248 3208 383 3322 nitatem
408 3206 578 3280 tribuimus
610 3213 682 3305 bis,
708 3239 784 3311 quor
807 3215 875 3314 poli
899 3217 1003 3287 emeri-

243 3325 314 3375 tam
337 3333 372 3376 m
394 3310 495 3394 armis
515 3311 736 3388 miliciam.ad
761 3323 916 3390 Honorem
935 3323 1003 3389 Du·

1092 3114 1220 3186 'berant
1256 3112 1372 3208 plures
1399 3107 1600 3200 Civitates,
1637 3108 1694 3184 seu
1721 3107 1859 3210 integra

1099 3209 1308 3287 Provincia.
1346 3207 1453 3304 Quod
1479 3210 1527 3284 est
1562 3211 1604 3284 ad
1641 3212 1796 3308 priores,
1824 3236 1859 3283 a·
1932 3253 1936 3262 ·

1098 3312 1167 3415 pud
1184 3315 1348 3390 Paullum
1368 3310 1569 3387 Diaconum
1585 3307 1626 3386 de
1641 3311 1752 3388 Gestis
1766 3317 1860 3387 Lan·

244 3425 335 3478 catus
361 3408 479 3493 ocultae
513 3415 707 3489 serenitatis
736 3419 885 3513 provenit
913 3415 1006 3513 judi·
1097 3414 1333 3514 gobardorum
1369 3411 1454 3488 Lib.
1480 3439 1516 3509 4.
1544 3418 1633 3514 Cap.
1661 3438 1695 3512 3.
1722 3411 1861 3488 mentio

246 3506 348 3622 ciulac.
383 3513 438 3583 Ex
467 3511 532 3586 hac
557 3517 676 3616 Lege,
713 3517 829 3592 uti&
855 3543 900 3592 ex
927 3515 1008 3592 aliis
1098 3517 1144 3591 est
1170 3513 1357 3618 Minulpbi
1376 3513 1435 3611 (is
1454 3515 1861 3609 Druemdelujuladuu·

247 3609 400 3706 ejuldem
427 3613 598 3708 Codicis,
626 3615 753 3692 deduci
791 3619 884 3718 poll'e
907 3617 1004 3693 vide·
1098 3617 1143 3689 iii
1166 3617 1265 3709 Jub'c
1290 3616 1470 3716 appellat)
1505 3641 1612 3715 quem
1639 3615 1860 3718 Agilulphus

245 3727 327 3799 tur,
355 3710 456 3786 suilie
483 3717 697 3809 nonnullos,
733 3718 796 3815 qui
833 3718 905 3818 poll
929 3719 1006 3793 diu·
1101 3717 1414 3815 Langobardorum
1450 3722 1527 3791 Rex
1562 3717 1606 3796 de
1641 3717 1762 3793 medio
1791 3720 1870 3792 tol·'

138 3877 140 3883 .
234 3825 388 3886 turnam
415 3813 589 3888 militiam
611 3817 659 3890 -ad
689 3817 873 3915 pacificam
899 3822 934 3892 δι
963 3818 1006 3892 il·
1101 3817 1242 3890 lendum
1271 3816 1386 3915 julstt.
1422 3821 1607 3894 Praeterea
1630 3840 1804 3896 memorat
1830 3821 1870 3894 is‘

248 3909 386 3988 lustrem
413 3915 640 4016 Dignitatem
670 3919 824 3991 Duculem
851 3917 1007 3993 ascende·
1037 3930 1070 3998 D
1101 3917 1291 3990 nonnullos
1308 3967 1311 3970 -
1330 3923 1434 3988 Duces
1474 3919 1651 4011 Tridmci,
1692 3923 1863 4020 Zangrul·

244 4030 327 4087 rent
353 4015 391 4089 in
419 4016 657 4116 Augustorum
695 4017 835 4092 Palatio
845 4043 859 4119 ;
896 4017 1010 4092 immo
1102 4017 1210 4117 pbum
1240 4023 1359 4089 Ducem
1396 4021 1616 4112 Veronensem,
1650 4019 1864 4096 &Gnidub
1926 4096 1927 4100 ,

248 4114 338 4188 alios
364 4116 474 4191 etiam
505 4117 707 4216 hujusmodi
743 4117 876 4193 honore
903 4118 1007 4193 dona·
1101 4117 1209 4216 phum
1251 4119 1487 4212 Pergamensem
1526 4125 1671 4215 Ducem,
1711 4121 1778 4197 boc
1817 4122 1863 4197 est

248 4233 329 4306 tos,
363 4219 528 4315 quamvis
554 4222 690 4294 nullam
727 4218 835 4294 armis
870 4243 1012 4294 oeram
1104 4215 1290 4318 bergomi,
1328 4218 1391 4315 qui
1418 4227 1453 4290 r'u
1479 4222 1627 4298 Ciuitate
1654 4225 1719 4320 fua
1743 4233 1863 4320 Perga·

246 4334 353 4389 antea
379 4317 569 4396 dediilent:
597 4348 670 4422 quo
689 4319 820 4395 Titulo
842 4246 936 4394 audi
963 4317 1012 4392 as·
1103 4345 1173 4407 mo,
1200 4320 1356 4390 rebellans
1380 4341 1487 4395 contra
1513 4331 1657 4422 Regem,
1678 4326 1865 4419 [erammu-

248 4415 406 4490 fidebant
441 4420 569 4496 exinde
611 4421 767 4497 consiliis
807 4420 847 4494 in
882 4419 1013 4496 secreto
1685 4421 1687 4423 ’

247 4521 510 4604 Imperatorum
548 4522 790 4597 consistorio.
825 4526 903 4622 Ego
937 4547 1011 4597 cem
1104 4519 1156 4593 cit
1191 4525 1270 4592 Dux
1305 4523 1419 4614 Ulfnm'¹
1448 4531 1536 4625 apud
1574 4525 1793 4609 Tarvistum;
1826 4517 1861 4586 δε

247 4619 395 4695 dubiam
422 4621 606 4718 relinquo.
642 4627 780 4698 Contra
806 4643 940 4698 certum
967 4623 1013 4698 est
1104 4620 1165 4695 sub
1193 4625 1288 4722 Rege
1317 4623 1542 4728 Liutprando
1568 4635 1756 4696 occurrunt
1783 4614 1864 4684 Gai·
1970 4671 1975 4680 .

248 4721 408 4820 (nosque
427 4720 591 4795 dubitare
611 4747 681 4796 non
701 4723 784 4799 finit
805 4726 913 4799 altera
933 4729 1011 4801 Lex
1102 4725 1238 4796 altaldus
1277 4726 1457 4803 Brixianam
1496 4734 1594 4810 Dux,
1621 4721 1667 4790 θ’
1709 4717 1864 4787 P‘i‘dm

247 4821 373 4895 eodem
399 4825 511 4897 Anno
538 4823 642 4914 data,
677 4849 767 4920 quae
793 4825 839 4897 est
875 4828 1022 4902 LXVI.
1040 4826 1287 4919 E=Vicentinus
1309 4833 1406 4904 Dua.
1435 4827 1596 4920 Denique
1614 4817 1737 4890 eodem
1759 4816 1864 4886 Panl-

247 4921 335 4994 Lib.
361 4929 397 4996 8.
432 4925 513 4998 Tit.
540 4924 579 5011 6.,
614 4927 800 5008 memorati
822 4925 1015 5030 ¹Codicis)
1102 4931 1139 5004 lo
1175 4925 1279 5022 telle,
1315 4934 1478 5022 Romani,
1511 4924 1658 4996 babmm
1692 4915 1726 4983 ‘l’
1761 4915 1862 5008 capim
1915 4928 1917 4932 ⁵

248 5019 479 5195 fuiileTolim
519 5031 623 5122 Duces
660 5026 931 5122 Prouinciurum,
972 5031 1014 5107 ad
1103 5033 1311 5132 ..mathomus
1327 5033 1564 5122 ‚Paestanum
1589 5019 1707 5086 ΒΜ
1723 5067 1750 5109 2.
1768 5031 1864 5082 'W‘

384 5149 443 5197 om·
469 5129 499 5196 ῙΜ
542 5173 569 5242 Μ’
1217 5138 1250 5205 R
1711 5130 1815 5200 nini,

1104 4420 1212 4492 nivic.
1242 4418 1301 4493 Ab
1328 4422 1451 4496 eodem
1481 4445 1622 4525 quoque
1650 4429 1744 4522 Rege
1771 4419 1863 4492 defe-
1933 4459 1936 4465 ·
2004 4393 2012 4434 ³
