4626 6152
279 386 281 390 ’
326 401 413 508 4³5

619 383 1188 476 DISSERTATIO‘
1240 381 1520 470 SEXTA.

1685 357 1828 488 “486
1983 345 1995 376 κ

235 557 236 560 “
269 512 362 594 mihi
389 507 608 599 ostendatur,
635 508 864 604 Bereegarr'um
890 508 925 580 8<
953 508 1030 580 flit-
1057 507 1092 580 A
1119 503 1284 600 idemque
1302 503 1411 578 etiam
1431 496 1582 575 Tusciae
1601 487 1787 572 Marchio.
1807 485 1888 565 tou

270 619 457 704 elcbertum,-
492 637 564 684 non
590 611 736 707 quidem
764 608 920 684 Ducatui
945 613 1029 706 Spo-

272 721 394 794 letaoo
413 713 470 790 sed
489 711 672 788 Marcbiae
688 711 937 786 tantummodo
958 709 1030 784 Fir·

275 845 401 898 manae
429 816 498 890 five
526 812 711 891 Camerini
747 811 847 888 fuisse
873 812 1033 888 domina·

273 940 358 996 tos:
388 947 454 1018 ego
480 916 602 990 ambos
630 915 713 990 illos
739 914 925 1005 Comites,
953 920 1034 1014 Spo-

277 1023 351 1103 leti.
373 1027 487 1099 Duces
506 1043 586 1094 cum
605 1018 837 1092 Eruditorum
859 1018 962 1094 venii
980 1043 1035 1116 ap·

273 1117 1033 1226 pellirepergam.FortaffisAnno-DCCC·

275 1231 359 1302 Lx.
400 1224 613 1301 Hildeberto
654 1219 830 1296 succellit·
851 1225 1040 1296 Lemlereue

278 1326 417 1421 Spoleti
446 1329 549 1398 Dux:
578 1321 725 1422 ipsoque
751 1325 791 1396 in
817 1321 936 1422 fugam
964 1349 1038 1399 ver·

1122 606 1214 680 bunc
1241 604 1378 702 Spoleti
1404 598 1585 701 imperalle
1612 600 1766 674 creditur
1790 601 1887 692 Huge

1122 709 1196 810 ejus
1223 705 1342 792 lilius,
1368 704 1617 780 celeberrimus
1643 700 1795 777 Tusciae
1823 697 1887 772 iti·

1122 811 1201 884 dem
1220 808 1407 884 Marchio.
1432 809 1565 880 Verirm
1586 803 1655 878 sule
1676 800 1887 878 inexilium

1124 913 1204 986 aeto
1241 916 1403 1001 Huberto,
1431 907 1501 984 stae
1534 911 1556 980 ὲ
1592 905 1688 980 vivis
1724 904 1889 1000 sublato,

1123 1016 1362 1087 Theodebrldus
1387 1013 1508 1115 junior
1532 1007 1669 1110 Spoleti
1699 1008 1730 1078 8(
1760 1009 1889 1078 Carne.

1126 1115 1378 1192 rini0Marchas
1393 1141 1509 1214 regere
1525 1113 1644 1211 coepit
1658 1115 1768 1183 Anno
1784 1107 1891 1181 Chri.

1123 1219 1164 1291 lli
1196 1221 1474 1292 -DCCCCLlV.
1505 1219 1546 1288 ln
1565 1211 1834 1286 ‘additameneis
1871 1213 1891 1283 b

1127 1347 1182 1394 me
1209 1319 1311 1394 saetis
1337 1319 1521 1393 Chronico
1547 1311 1764 1391 Calaurienlr
1798 1317 1891 1388 Part.

280 1427 347 1519 lo,
382 1425 539 1503 [uccellit
573 1431 680 1523 Sempe
714 1425 856 1528 junior,
890 1424 934 1498 dc
968 1449 1041 1522 quo
1076 1425 1175 1496 ΒΗ,
1202 1421 1313 1496 Tomi
1342 1425 1388 1494 Il.
1414 1425 1495 1494 Rer.
1520 1420 1676 1494 italicar.
1702 1443 1779 1518 pag.
1800 1441 1891 1516 952.

277 1551 382 1606 antea
410 1530 621 1628 agebamus.

332 1636 532 1719 Praeterea,
551 1628 645 1725 quod
671 1630 830 1726 Sapparis
853 1628 957 1730 hujus
981 1655 1036 1702 no·

279 1732 459 1808 bilitatem
492 1729 796 1828 praeclarillrmam
827 1732 1042 1805 luculentius

278 1833 451 1925 ostendit,
468 1834 544 1932 ejus
569 1832 664 1906 lilius
689 1841 854 1906 Hunroeus
876 1836 895 1906 l
917 1837 1037 1906 Beren-

280 1936 381 2035 gario
406 1941 503 2034 Rege
525 1933 659 2010 dicitur
684 1934 722 2008 io
748 1936 955 2031 Diplomate
980 1943 1040 2007 nu·

281 2063 345 2138 per
367 2037 820 2137 evulgatoCmsanguineus
839 2036 957 2123 nester.
979 2039 1041 2109 Pu·

280 2155 336 2213 tar
370 2139 479 2212 etiam
505 2135 696 2226 Neleius,
725 2139 906 2208 Bemhilam
941 2134 1045 2231 ipsius

279 2237 484 2338 Berengerii
516 2238 702 2337 conjugem
735 2241 933 2324 exeodem
961 2243 1040 2338 Sup-

282 2367 374 2440 pone
400 2338 612 2414 llllarcltione
640 2340 883 2438 progenitam:
909 2339 1044 2437 quaest

280 2439 364 2520 uera
400 2442 501 2530 lunt,
530 2448 710 2512 Humorem
746 2441 913 2514 habemus
941 2441 1047 2539 Regis

282 2543 487 2641 Berengarii
508 2542 709 2618 Sororium.
730 2545 810 2630 Vo'x
831 2561 949 2614 tamen
964 2547 1042 2612 Cen·

276 2646 473 2741 sanguineus
507 2641 604 2714 aliud
635 2641 754 2716 soname
806 2641 913 2716 otest.
949 2642 1046 2716 Mihi

284 2749 404 2844 potius
440 2742 595 2818 creditur
622 2743 741 2842 junlla
778 2669 877 2820 lirille
900 2745 1049 2842 Supponi

285 2846 493 2932 Marelfioei,
522 2846 611 2940 patri
641 2845 828 2920 Hunrocbi
857 2845 982 2944 hujus,
1009 2843 1046 2917 fi·

283 2944 331 3024 lia
355 2945 511 3035 Uemrhi,
534 2945 642 3016 Ducis
661 2944 720 3017 seu
740 2945 962 3020 marchionis
984 2951 1047 3019 Fo-

283 3043 503 3144 rojulienfis,
530 3045 592 3142 qui
629 3043 736 3120 frater
765 3048 967 3146 Berengarii
996 3046 1043 3147 ip·

285 3145 351 3222 srus
381 3151 485 3246 Regis
513 3147 647 3236 luerat,
675 3151 728 3221 uti
756 3145 848 3224 infra
874 3146 1048 3222 ostendam

1127 1523 1261 1598 Charta
1280 1523 1384 1596 nobis
1399 1523 1580 1613 occurrit,
1600 1520 1728 1618 scripta
1748 1522 1785 1592 in
1809 1522 1892 1592 tin-

1128 1625 1221 1698 nenfi
1260 1625 1470 1714 territorio,
1488 1681 1491 1690 ,
1506 1623 1733 1722 Regrrautihris
1772 1629 1895 1694 Demere

1097 1775 1101 1782 -
1130 1727 1321 1824 Berengario
1341 1729 1389 1797 ὁ*
1407 1729 1605 1818 «edelberto,
1616 1723 1696 1816 filio
1717 1723 1807 1818 ejus,
1828 1732 1895 1794 Re·

1112 1879 1113 1886 ,
1124 1831 1240 1926 gibus,
1260 1837 1361 1902 Auem
1384 1831 1495 1926 Regni
1516 1855 1618 1900 eorum
1643 1831 1730 1914 Vll,
1747 1821 1794 1896 &
1816 1847 1895 1897 tcm-

1126 1932 1255 2027 porr'bus
1279 1933 1457 2003 Theoboldi
1486 1932 1591 2002 Ducis
1609 1929 1666 1999 ’Φ
1692 1927 1894 2000 Marcbienr‘e

1128 2041 1230 2105 Anne
1248 2031 1316 2126 ejus
1336 2037 1392 2106 tr.
1410 2033 1510 2124 mense
1520 2035 1623 2124 surii
1638 2054 1700 2126 per
1718 2030 1895 2102 inditium

1132 2141 1201 2207 XV.
1221 2132 1306 2208 idell
1322 2137 1432 2206 Anno
1448 2133 1591 2209 Cbrilii.
1607 2132 1895 2206 DCCCCLVll.

1111 2241 1223 2334 ‘Ergo
1247 2237 1290 2308 ab
1311 2240 1419 2308 Anno
1445 2237 1715 2310 DCCCCLIV.
1739 2233 1896 2308 Theobat.

1076 2341 1106 2412 C
1129 2347 1190 2408 deu
1216 2336 1336 2435 junior
1360 2354 1436 2411 erat
1462 2335 1540 2409 Dure
1561 2336 1723 2436 Spoleti,
1747 2338 1897 2410 Marrbr‘e

1114 2438 1336 2512 Camerini.
1368 2441 1410 2510 In
1448 2438 1568 2511 Indice
1604 2437 1778 2522 Chronici
1815 2444 1899 2512 Far.

1133 2535 1233 2611 lensrs
1259 2540 1362 2612 i'me
1388 2537 1486 2612 edito
1512 2538 1551 2612 in
1579 2533 1698 2613 eadem
1728 2532 1822 2616 Part.
1848 2543 1895 2619 ll.

1135 2639 1244 2714 Tomi
1273 2643 1325 2713 11:
1345 2638 1440 2714 inter
1465 2640 1679 2715 Lorlrarium
1708 2643 1898 2716 &Benen-

1132 2741 1269 2841 gariurn
1298 2743 1424 2816 ltaliae
1452 2741 1807 2844 Reges-recensentur
1832 2751 1898 2816 Be·

1133 2844 1273 2934 nlsacins
1295 2845 1338 2914 (9
1361 2846 1543 2916 thebaldus
1558 2843 1657 2936 filim
1678 2843 1748 2936 ejus
1772 2851 1899 2940 Duces,

1134 2941 1287 3042 apposite
1304 2969 1384 3017 curn
1400 2945 1532 3020 Charta
1546 2943 1783 3020 Calaurienlr.
1800 2951 1899 3042 Qua·

1137 3071 1241 3118 reex
1268 3045 1387 3118 Indice
1414 3046 1482 3120 illo
1506 3045 1695 3138 dilcimus,
1719 3049 1899 3122 theobald·

1136 3147 1219 3220 huic
1245 3165 1380 3240 patrem
1406 3146 1507 3222 fuille
1540 3149 1739 3242 Berisamum
1768 3151 1900 3252 pariter

285 3249 324 3324 in
348 3248 953 3346 Drllertat.llllll.deLegibus.¹ln
976 3254 1045 3322 Un·
1081 3247 1272 3348 DSpoleti
1309 3251 1464 3323 Ducem.
1502 3250 1575 3324 Hic
1611 3252 1675 3324 ille
1705 3251 1798 3326 idem
1825 3251 1900 3346 est,

285 3349 396 3425 rocho
424 3351 598 3448 Supponis
626 3349 704 3424 filio
731 3377 794 3444 pro
822 3377 919 3426 more
948 3350 1049 3424 farni-

285 3453 367 3526 liari
396 3450 505 3528 etiam
537 3453 754 3548 temporibus
781 3451 827 3526 iis
855 3469 1050 3527 recreatum

284 3553 428 3628 videtur
443 3580 571 3628 nomen
587 3553 661 3628 Avi
678 3554 850 3628 materni.
862 3555 924 3630 Sed
940 3581 1048 3653 quan·

286 3653 333 3734 do
360 3654 398 3727 in
423 3652 605 3752 Spoletini
632 3657 790 3728 Ducatus
812 3657 914 3729 rebus
933 3649 1060 3730 uerso

288 3779 390 3842 mur,
418 3780 489 3828 non
519 3777 599 3826 eum
631 3753 837 3845 dimittam,
864 3769 1051 3855 antequam

286 3853 444 3930 indicem
468 3855 618 3927 alterum
643 3856 801 3946 Ducem,
820 3885 926 3954 quem
945 3863 1050 3932 Cam·

287 3957 403 4056 pellus
429 3953 480 4029 in'
496 3953 626 4029 Hillor.
652 3957 784 4054 Spolet.
811 3960 844 4028 δι
873 3960 1052 4032 Camillus

286 4057 424 4136 Lilliue
459 4054 497 4132 in
534 4054 664 4132 Hilior.
691 4055 875 4132 Camerini
912 4057 1051 4158 ignora·

290 4177 395 4234 runt.
413 4163 446 4233 ls
462 4157 508 4232 cst
522 4158 721 4232 Tbeebaldes
736 4157 870 4254 junior.
886 4163 963 4248 Jam
980 4164 1052 4235 Du·

282 4261 385 4335 'tatui
401 4260 459 4334 illi
474 4264 509 4334 &
524 4258 708 4334 Moechiae
722 4261 906 4336 Camerini
922 4261 1051 4356 praefe-

289 4361 367 4434 etus
394 4359 506 4436 fuerat
530 4361 673 4437 circiter
695 4365 842 4436 Annum
868 4366 1053 4438 DCCCC·

291 4465 464 4536 xxx111.
506 4465 705 4538 Tbmbaldm
743 4463 888 4556 senior,
931 4465 994 4564 qui
1033 4467 1052 4538 l

290 4563 517 4662 Liutprando
551 4564 730 4642 Hillorico
763 4569 961 4666 appellatur
988 4574 1050 4640 Ca·

289 4666 477 4738 morinorum
503 4667 547 4737 Θ·
571 4667 802 4763 Spoletinorum
827 4670 993 4742 Marrbr'e.
1017 4672 1052 4741 lc

288 4785 408 4840 autern
444 4769 488 4842 ab
528 4766 692 4843 humanis
731 4767 874 4844 exceffit
909 4769 1053 4844 circiter

287 4875 437 4945 Annum
474 4872 833 4946 Dccccxxxvtt.
870 4870 942 4946 Cui
977 4869 1050 4944 suc·

289 4967 387 5044 cellit
414 4971 635 5062 Ansehariur,
664 4991 739 5047 tum
768 4972 896 5063 sartio,
925 4971 1051 5046 deinde

206 5117 207 5120 =
287 5075 449 5144 Hebenus
467 5073 602 5150 Salicus
620 5073 788 5176 Hagenis
804 5072 1048 5176 Regis-filius,
1063 5064 1069 5160 l

1137 3351 1179 3422 cle
1203 3376 1275 3448 quo
1298 3350 1538 3446 Liutprandus
1563 3352 1646 3428 Lib.
1674 3377 1705 3425 2.
1731 3358 1820 3454 Cap.
1840 3359 1897 3432 18.

1139 3451 1268 3526 Hillor.
1295 3449 1437 3526 scribit:
1467 3457 1610 3526 Dederat
1638 3462 1712 3526 Rex
1737 3456 1900 3545 Rodulfm

1140 3555 1350 3626 Waldradrm
1369 3553 1502 3646 sororem
1522 3555 1616 3647 fream
1645 3556 1805 3652 mnjrrgem
1826 3563 1900 3630 tto·
1981 3558 1989 3586 ¹

1138 3655 1255 3744 alsacio
1268 3655 1387 3726 Camiri
1399 3657 1629 3752 preemr'ffimo,
1646 3659 1702 3756 qui
1720 3665 1900 3732 Nostrae

1139 3762 1373 3828 TEMPORE
1398 3761 1634 3854 camerinorum
1661 3788 1698 3832 ac
1724 3755 1901 3858 Spoletino-

1137 3863 1206 3927 rum
1224 3857 1344 3942 exstitit
1361 3859 1527 3929 Marebie.
1549 3863 1633 3932 Non
1655 3859 1774 3954 inquit
1796 3861 1901 3937 Liut·

1141 3955 1310 4054 prandus,
1338 3955 1562 4030 Bonifacium
1598 3960 1804 4058 Spoleti&
1831 3968 1902 4039 Ca·

1140 4056 1268 4132 merini
1303 4057 1552 4131 marchionem
1588 4056 1712 4152 fuiile,
1746 4065 1901 4140 Rodulfo

1087 4165 1118 4236 E
1139 4171 1329 4260 rc'gnante3
1355 4157 1411 4232 sed
1434 4158 1549 4258 ipsum
1574 4177 1659 4236 tunc
1683 4179 1901 4240 tantummo-

1139 4261 1186 4334 do
1210 4260 1416 4350 Comitem,
1436 4287 1477 4332 ac
1498 4260 1626 4336 deinde
1649 4265 1748 4351 eostre
1770 4289 1901 4363 tempore

1139 4362 1258 4435 ambas
1281 4361 1446 4436 Marchas
1470 4362 1584 4438 eidem
1609 4364 1710 4440 suill'e
1735 4370 1901 4440 collatas.

1137 4462 1318 4537 Scribebat
1341 4462 1583 4560 Liutprandus
1606 4465 1753 4540 Ortonis
1774 4468 1901 4567 Magni

1137 4563 1287 4663 Augusti
1316 4565 1555 4662 temporibus,
1582 4566 1726 4640 circiter
1753 4572 1898 4642 Annum

1139 4668 1446 4740 DCCCCLlllll.
1469 4671 1544 4756 Jarn
1572 4667 1666 4741 diem
1692 4667 1789 4744 suum
1808 4688 1901 4768 tunc

1140 4767 1279 4840 obierat
1304 4769 1493 4860 Bomfarius
1516 4768 1705 4860 Marchio,
1732 4771 1766 4842 δε
1794 4795 1904 4869 nuper

1142 4868 1297 4942 vidimus
1321 4869 1534 4941 Throbaldum
1559 4870 1633 4970 ejus
1658 4869 1771 4944 lilium
1793 4875 1904 4952 Anno

1141 4973 1431 5045 DCCCCLVlI.
1455 4977 1573 5043 Ducem
1598 4973 1643 5042 Θ
1665 4975 1903 5056 Marcbionem.

1139 5071 1294 5173 Superest
1312 5092 1417 5172 ergo,
1437 5089 1477 5146 ut
1494 5097 1567 5146 oon
1587 5077 1697 5158 Anno
1718 5079 1903 5166 DCCCC,

1251 5177 1290 5250 H
1316 5172 1339 5246 h
1392 5196 1417 5248 a
1736 5171 1863 5256 XXII‘.¹
