4560 6146
293 423 353 529 sa'
564 408 1079 508 DISSERTATIO
1129 414 1504 510 SECUNDA.
1737 429 1798 534 pe

222 533 293 626 ‘ser
318 533 551 612 Torcelltnse
586 535 762 614 Ecclesiae
794 533 999 611 Leonsrdus
1028 541 1065 612 A
1089 543 1208 636 Campo
1225 541 1332 632 Alto,
1360 542 1404 610 θ’
1422 562 1522 612 tetrum
1539 539 1697 614 allodium
1719 544 1760 613 de
1777 535 1862 634 Cas«

231 639 447 714 venerabilis
473 639 691 738 Episcopus,
722 637 915 723 celsitudinis
943 663 996 709 no·
1083 638 1210 731 satico,
1247 641 1291 711 lb·
1326 641 1427 737 ipsum
1461 642 1862 718 molendinariorum

227 741 316 834 strae
336 741 511 840 postulavit
529 742 749 824 clemenciam,
770 764 924 837 quatenus
941 760 1001 836 pro

235 849 302 919 Dei
319 869 440 932 amose,
460 845 649 940 animaeque
667 842 786 931 uoslrae
801 843 934 916 mercede
947 867 998 911 no·

228 945 332 1036 strum
351 945 545 1018 inviolabile
563 965 780 1041 praeceptum,
796 943 897 1039 juxta
910 963 1000 1039 prae·

234 1044 418 1142 decessorum
454 1043 624 1132 nesirerum
648 1071 830 1142 magnorum
863 1053 1000 1142 Impera·

235 1167 368 1238 tanum,
405 1145 531 1222 Caroli
566 1147 712 1218 vilelicet
738 1144 1000 1238 emetherii,

237 1251 284 1321 ὁ)
310 1247 484 1338 Ottonis,
509 1269 602 1344 atque
626 1247 805 1340 Concedi,
832 1251 877 1322 Θ·
902 1251 999 1322 Hen-

237 1349 310 1426 rici
334 1353 478 1437 decreta,
503 1351 601 1420 eidem
620 1345 819 1425 Torcellanae
844 1347 1002 1439 Ecclesiae
1093 1350 1288 1422 cartulis&
1312 1351 1455 1441 notitiis,
1482 1378 1519 1424 ac
1541 1350 1745 1446 pertinentiis
1763 1351 1888 1446 suis,·
1972 1411 1974 1418 .

1090 749 1210 839 Campo
1233 744 1319 815 aaa
1348 769 1417 814 cerm
1436 743 1495 834 sue
1519 751 1638 834 cave,
1666 744 1726 841 qui
1739 741 1858 836 firmat
1963 805 1965 812 .

1092 841 1127 912 ios
1163 842 1228 940 ipss
1261 850 1406 941 Campo,
1443 845 1488 915 (9³
1520 847 1565 916 dc
1593 846 1708 942 quinte
1740 846 1784 916 <9¹
1817 849 1859 918 de

1091 944 1210 1034 tertio,
1233 944 1354 1036 scilieet
1379 964 1533 1042 quautmn
1557 947 1649 1017 dedit
1674 947 1858 1042 Stephanus

1093 1046 1286 1117 Candianus
1306 1047 1409 1118 eidem
1442 1044 1598 1129 Ecclesiae
1627 1049 1860 1140 Torcellanae,

1095 1173 1164 1218 cum
1188 1149 1330 1219 amnibus
1349 1147 1421 1239 suis
1452 1148 1557 1244 pratis
1581 1147 1627 1217 Θ
1644 1147 1771 1241 silvis,
1800 1150 1860 1242 sets

1088 1247 1240 1344 pascuis,
1280 1249 1325 1320 (θ’
1351 1248 1506 1342 salibiis,
1546 1248 1591 1320 Φ
1616 1274 1684 1320 cum
1717 1249 1860 1326 omnibus

239 1453 283 1524 cle
309 1453 451 1523 anteibat
482 1453 569 1522 rebus
590 1452 635 1522 ad
657 1454 794 1524 eamdem
829 1449 1001 1535 Ecclefiam
1033 1447 1064 1518 B
1093 1470 1161 1524 tam
1185 1450 1334 1524 ballenae
1368 1451 1556 1548 acquisttis,
1588 1455 1742 1548 quumque
1765 1453 1860 1525 dein-

238 1553 494 1650 pertinentibus,
532 1571 598 1622 tam
623 1554 663 1622 de
688 1554 921 1644 Monasleriis,
947 1553 1003 1624 vel

241 1653 436 1748 dereliquit
463 1649 720 1748 posseffianibus,
756 1655 834 1742 idesl
861 1653 1003 1740 Bastlica

240 1753 354 1828 senui
385 1753 535 1849 Cipriaui
569 1781 638 1825 cum
665 1757 821 1826 territoria
840 1756 925 1849 suo,
961 1758 1004 1824 (9‘

234 1851 353 1927 saneti
378 1853 554 1936 Michaelis
581 1855 744 1947 Ecclesia,
772 1883 838 1928 cum
863 1856 1004 1930 omnibus

220 1954 378 2054 rpraedir's
398 1955 495 2048 suis,
523 1956 568 2026 Θ·
592 1957 747 2048 decimis,
781 1961 827 2028 Θ·
851 1955 1002 2054 fossato,

234 2081 295 2154 quo
313 2055 460 2144 siatutus
494 2057 537 2142 esi
560 2057 713 2130 terminus
748 2076 906 2160 tempore
932 2064 1000 2138 Ca·

234 2155 306 2232 coli
332 2156 428 2231 inter
448 2156 638 2232 Veneticos
664 2161 699 2232 &
723 2160 1001 2261 Longobacdos‚

236 2283 347 2334 unum
375 2277 479 2357 caput
504 2257 627 2332 exiens
654 2258 691 2332 in
720 2259 833 2336 fluvio
860 2263 1001 2354 Siclae,

1093 1575 1161 1648 ceps
1185 1553 1405 1650 acquirendis,
1423 1553 1504 1643 fieri
1521 1552 1723 1646 subaremus,
1750 1574 1787 1629 ut
1799 1576 1859 1653 per

1095 1653 1190 1741 noslri
1211 1657 1368 1751 praecepti
1392 1651 1683 1745 continuationem,
1719 1653 1858 1748 nulrit,

1087 1754 1266 1856 futurisque
1302 1753 1497 1852 temporibus
1534 1753 1635 1826 ridete
1673 1755 1858 1849 Ecclesiae,

1087 1856 1214 1957 suisque
1239 1855 1427 1930 Relioribus
1451 1857 1686 1953 inperpetuum
1705 1856 1859 1956 proficiat

1091 1984 1318 2058 augmentum.

1144 2063 1376 2159 Praecipietrtes
1399 2087 1471 2159 erga
1492 2061 1664 2154 jubemus,
1699 2083 1738 2136 ut
1762 2067 1862 2162 quidc'

1092 2167 1171 2264 quid
1195 2168 1240 2238 ad
1262 2184 1461 2255 memoratam
1479 2163 1651 2248 Ecclesiam
1673 2164 1859 2260 praedibius

1095 2267 1277 2340 Leonardus
1301 2260 1474 2364 Episcopus
1511 2289 1594 2338 nunc
1614 2263 1773 2361 paffidet,
1799 2270 1859 2340 aut

235 2361 271 2434 δι
299 2357 396 2434 uliud
432 2359 470 2432 in
498 2357 612 2434 fluvio
638 2359 752 2436 Tarso
787 2361 1001 2438 discurrente
1034 2367 1132 2448 Cde'
1154 2368 1228 2462 jure
1257 2367 1407 2463 prtffiden
1439 2368 1556 2458 debet,
1594 2365 1639 2436 Θ·
1671 2370 1755 2464 qued
1788 2367 1859 2461 ejus

235 2459 334 2553 lario
361 2457 467 2558 usque
496 2461 692 2555 Altinum,
728 2464 773 2534 (9'
797 2466 894 2538 Plebe
918 2471 1000 2538 San·

234 2561 280 2634 iii
305 2563 430 2635 Donati
455 2589 524 2634 cum
538 2565 683 2660 praediis
701 2564 795 2657 suis,
822 2567 867 2636 (9⁰
882 2565 1003 2656 stlvis,

229 2663 305 2750 sive
338 2663 467 2736 decimis
505 2665 548 2735 (θ’
563 2664 777 2756 =territoriis,
820 2691 880 2764 quo
914 2667 1005 2739 tituli

237 2763 375 2859 ejusdem
402 2763 558 2848 Ecclesiae
575 2766 731 2858 suerunt,
759 2767 838 2856 idest
864 2769 1002 2854 Ecclesia

236 2865 353 2940 Sancti
395 2865 589 2956 Benediiii,
631 2868 677 2938 (9
712 2867 851 2955 Ecclefia
881 2870 1005 2947 'samur'

244 2965 408 3054 Zenonis,
427 2985 523 3060 atque
539 2965 675 3039 Saniiae
691 2972 821 3044 Mariae
839 2971 874 3042 in
892 2978 1003 3044 Plum-

240 3068 309 3154 bo,
354 3066 399 3136 θ
433 3065 575 3150 Ecclesia
608 3067 720 3143 tenue·
755 3073 902 3144 Remedii
919 3085 1002 3146 'cum

239 3167 386 3240 omnibus
409 3167 627 3260 adjacentiis,
668 3170 712 3242 lu·
731 3174 934 3270 pertinentiis
958 3176 1003 3246 δ’

1093 2465 1275 2560 Succeffltres
1315 2469 1350 2539 in
1394 2467 1484 2541 bonis
1520 2466 1660 2561 ejusdem
1702 2467 1859 2552 Ecclesiae

1089 2567 1246 2669 possessioni
1273 2569 1344 2661 sore
1376 2563 1597 2664 dinofiuistur,
1633 2589 1701 2640 tam
1725 2567 1860 2666 acquisi-

1094 2695 1162 2744 tum
1186 2698 1281 2771 quam
1314 2671 1565 2766 acquirendum,
1597 2691 1656 2769 per
1680 2668 1778 2765 hujus
1802 2697 1860 2744 no·

1089 2774 1173 2861 sirac
1197 2771 1397 2846 subieritatis
1414 2772 1679 2866 confinnationem
1706 2773 1751 2842 (9¹
1763 2795 1859 2871 prae·

1092 2895 1212 2970 ceptum
1244 2873 1347 2970 quieto
1369 2875 1495 2970 prorsus
1528 2873 1637 2946 ordine
1661 2893 1791 2946 taceant
1822 2901 1859 2950 ae

1089 2975 1283 3072 posideum,
1310 2973 1531 3068 universasque
1553 2971 1762 3066 praescriptas
1787 2998 1859 3066 res,

1092 3077 1136 3148 (J
1170 3095 1376 3170 quaecumque
1400 3073 1443 3146 ab
1475 3065 1710 3164 antecessoribus
1744 3070 1857 3159 nosiris

1091 3177 1190 3248 eidem
1235 3171 1391 3258 Ecclesiae
1429 3169 1614 3266 cenfinnata
1645 3171 1726 3266 sunt
1737 3200 1760 3261 ,-
1802 3201 1858 3250 nec

236 3268 368 3342 decimis
385 3267 459 3360 suis
491 3297 530 3342 ere
554 3270 715 3367 utriusque
743 3276 851 3369 partis
880 3277 1003 3352 Plavis
1033 3284 1066 3351 D
1090 3305 1152 3350 non
1178 3275 1336 3372 quidquid
1361 3274 1397 3348 in
1421 3296 1517 3348 antea
1539 3274 1694 3372 acquirere
1716 3276 1862 3372 poterit,¹

229 3367 407 3466 fluminis,
434 3371 480 3441 ‘l’
500 3373 674 3468 Virgulaoa
699 3373 733 3446 in
756 3376 924 3471 provincia
940 3383 1000 3450 Po·

1092 3378 1196 3466 noslra
1220 3375 1407 3452 callositate
1433 3378 1477 3448 (θ’
1493 3373 1650 3470 suffinae,
1674 3378 1859 3473 tranquilla
1935 3437 1937 3440 -

235 3471 332 3557 lesini
369 3469 560 3563 constituto,
600 3502 668 3547 cum
707 3477 850 3548 omnibus
887 3479 932 3549 ad
965 3483 1002 3571 se
1091 3479 1275 3576 quietudine
1298 3480 1441 3567 babeat,
1479 3478 1529 3550 ita
1545 3479 1591 3547 ¹ut
1614 3480 1638 3548 d
1663 3479 1753 3547 nullo
1785 3505 1858 3550 uns·

233 3572 498 3672 pertinentibus,
525 3575 570 3646 θ
593 3603 663 3650 cum
687 3577 814 3670 Silva,
840 3603 921 3676 quae
943 3606 998 3652 vo·
1091 3609 1186 3679 quam
1221 3577 1389 3666 uasirorun
1408 3624 1413 3632 ·
1420 3575 1584 3670 fidelium
1600 3577 1857 3669 'contreveosetur

235 3695 327 3752 mur
351 3675 530 3766 Torcellis,
557 3677 602 3748 0·
620 3679 734 3769 saltu,
761 3678 796 3752 in
822 3707 881 3776 quo
905 3683 999 3755 consi-
1090 3704 1148 3756 aas
1183 3682 1400 3778 inquietetur,
1441 3677 1620 3775 nctlliusque
1660 3677 1762 3752 Ducis
1797 3699 1857 3752 aut

235 3795 329 3848 netur
362 3775 503 3862 Ecclesia
525 3777 664 3852 landae
696 3780 854 3871 Mariae,
888 3783 1001 3856 Silva·
1094 3782 1316 3872 Masclianis,
1351 3808 1404 3852 nee
1429 3779 1578 3878 Episcopi
1603 3799 1661 3854 aut
1694 3779 1857 3872 Comitis,

236 3899 297 3973 que
321 3905 461 3974 magna,
496 3905 577 3976 quae
601 3880 644 3965 esl
669 3881 705 3952 in
733 3881 798 3978 ipse
824 3883 1003 3973 territerio,
1083 3913 1145 3959 ¹uec
1173 3883 1385 3974 Vicecomitis,
1410 3883 1467 3956 vel
1489 3881 1623 3955 alterius
1647 3883 1859 3979 Reipublicae

235 4005 377 4054 necnon
403 3977 450 4050 (θ’
472 3979 586 4056 Sanus·
606 3983 763 4077 Stephani
787 3984 1004 4076 Manasleria,
1093 3983 1245 4058 exabioris
1266 3984 1464 4080 pertimescat
1489 4004 1546 4057 aut
1566 3983 1689 4074 serntiat
1716 3981 1861 4071 melesla·

232 4082 318 4176 qued
342 4081 385 4168 esl
409 4083 530 4154 alciae·
544 4109 652 4170 „cum
675 4084 819 4156 mnnibns
845 4087 935 4160 rebus
958 4089 1004 4159 ad
1094 4088 1240 4172 tionem;
1265 4085 1555 4180 uunesqueservos
1579 4085 1630 4154 Φ·
1648 4084 1785 4158 asscillas
1796 4083 1862 4176 sub

229 4181 271 4256 id
297 4183 562 4278 respicientibus,
591 4183 660 4272 seu
684 4185 728 4256 (9¹
761 4185 880 4258 Samiis
913 4195 999 4262 Lau·
1038 4195 1066 4264 E
1095 4185 1226 4275 noslrae‘
1253 4185 1406 4286 tuitionis·
1438 4185 1711 4262 maribadum
1743 4186 1863 4282 accepia

231 4286 338 4358 centia
356 4282 525 4371 cersslituta
543 4284 647 4354 Plebe
666 4283 764 4376 juxta
778 4286 927 4378 fluvium
945 4287 1002 4360 Li·
1096 4315 1193 4379 mus,
1228 4307 1265 4358 ut
1290 4288 1418 4360 nullent
1438 4288 1479 4362 de
1502 4307 1598 4360 atero
1625 4287 1786 4384 pullam
1806 4286 1861 4375 sa·

231 4386 416 4481 quantiam,
443 4413 512 4458 arm
532 4386 620 4460 amni
633 4381 709 4474 iure
729 4387 775 4456 (9⁹
790 4386 1003 4480 adjacentiis,
1098 4391 1184 4464 ciant
1204 4388 1418 4479 sunblionem.
1436 4397 1665 4488 vQuaecumque
1688 4411 1793 4462 autem
1814 4409 1864 4456 res

234 4485 282 4558 tl·
306 4487 434 4558 areimis
463 4488 531 4578 suis
555 4484 737 4584 senilisque
765 4487 905 4577 familiis
930 4489 1003 4582 suis
1094 4490 1166 4584 sam
1189 4491 1271 4566 diue·
1297 4491 1452 4586 Episcopi
1467 4513 1528 4588 pes
1549 4490 1777 4590 nnpbiteodus,
1803 4503 1864 4558 aut

228 4585 398 4680 utriusque
428 4587 540 4676 sensu,
581 4589 626 4660 (9'
660 4592 752 4662 tebsts
784 4589 831 4662 ad
863 4593 1002 4664 camdem
1096 4591 1324 4690 alioquolibet
1358 4595 1448 4666 modo
1472 4596 1516 4668 ab
1539 4593 1700 4690 aliquibus
1725 4585 1864 4660 bomini·
1952 4593 1957 4604 '

232 4686 410 4772 Ecclesiam
441 4689 696 4782 pertinentibus,
732 4715 814 4786 quae
838 4691 925 4780 insta
948 4693 1001 4766 di·
1097 4698 1155 4768 bus
1183 4694 1405 4792 possidentur,
1440 4694 1475 4768 in
1503 4693 1681 4790 praelibati
1712 4685 1864 4784 Eptsctpl
1943 4733 1945 4742 ·

231 4788 350 4862 tionem
372 4787 504 4882 imperii
521 4792 616 4877 usslti
638 4791 797 4880 consistere
816 4793 1000 4886 noscuntur.
1090 4795 1161 4881 sint
1181 4795 1353 4894 poteslate,
1374 4797 1561 4890 suorumque
1578 4785 1797 4884 successurum,
1823 4807 1865 4860 ut

231 4893 284 4966 Et
308 4890 462 4988 quicquid
491 4891 605 4962 babere
628 4893 818 4968 videtutim
852 4897 1002 4970 Ciuitate
1098 4918 1157 4972 aut
1189 4899 1368 4994 legitimum
1406 4897 1526 4987 censum
1564 4894 1638 4964 inde
1676 4889 1864 4988 accipiant,

233 4995 333 5067 Nove
357 4992 476 5082 lslria,
511 4993 558 5066 θ
593 4996 818 5088 incivitate,
845 5021 926 5094 quae
948 4997 998 5070 di·
1097 4999 1208 5085 aussi
1231 5027 1299 5072 eam
1323 4999 1425 5072 calmi
1443 4996 1565 5088 solvere
1591 4992 1769 5082 raherius,
1796 4992 1863 5090 ipse

234 5089 320 5192 citur
354 5095 511 5198 Eiagba,
551 5095 597 5174 b
633 5097 794 5203 quidquid
829 5101 924 5206 pabet
962 5097 999 5175 ir
1097 5101 1155 5200 qui
1172 5101 1276 5194 suerit
1295 5099 1491 5200 Episcopus,
1511 5091 1704 5196 possesiones
1729 5097 1806 5168 illas
1825 5095 1866 5170 in

1584 5197 1917 5292 ,elesm.
