4628 6148
345 436 440 543 ‘aci
587 421 1609 542 orssrnrarrooorncrn:
1765 440 1859 542 ‘334

284 540 464 644 ilillringae
480 547 553 637 [iae
586 545 658 618 ulla
687 546 796 644 parcis
827 545 955 643 publice
988 547 1119 622 con-A
1201 545 1344 616 Praeter
1370 543 1596 646 Principatus
1622 545 1920 637 Beneuentannmg

282 647 474 722 trarietate.
509 655 558 722 Et
595 649 628 720 in
657 648 717 741 sua
745 648 882 742 servitio
918 649 1056 744 babeat,
1144 643 1410 736 Salernitanum‚
1436 647 1472 720 δι
1498 651 1712 744 Capuanum,
1740 651 1760 722 d
1789 645 1915 744 postre-

283 771 322 824 ut
346 761 491 822 Canones
516 748 646 836 iubent.
674 759 788 824 Omnes
810 752 926 849 quippe
939 750 1054 850 supra·
1116 771 1206 846 ‘mo
1233 745 1302 820 hnc
1329 743 1509 838 excisum,
1545 755 1690 823 Ducatus
1725 749 1916 845 Neapolita.

169 871 171 875 '
284 849 390 926 ditias
415 878 464 924 res
489 853 544 924 illi
569 851 788 946 confinnamus
813 881 880 932 cura
905 881 973 926 cnm
994 875 1055 926 ter·

282 955 352 1046 ris,
378 955 510 1044 vineis,
537 957 677 1054 campis,
702 957 829 1054 pratis,
848 954 972 1047 silvis,
996 979 1056 1053 pa·

278 1055 387 1152 scuit,
423 1057 603 1150 montibus,
629 1060 797 1150 uallibus,
830 1058 1056 1156 planitiebus,

284 1160 399 1256 aquis,
418 1184 632 1259 aquarumque
650 1159 851 1250 decurfibus,
871 1160 974 1257 ripis,
994 1187 1054 1232 mo-

283 1261 441 1353 lentinis,
462 1263 713 1361 piscationibus,
736 1261 883 1354 forestis,
909 1261 1055 1333 uenatio·

284 1365 401 1454 nibus,
410 1364 517 1457 servis
527 1423 538 1454 ,
549 1363 1055 1456 ancillis,.rtdic's,.rtdiabas,

1145 875 1206 920 nus
1246 848 1395 923 celebris
1435 846 1527 924 olim
1572 847 1676 925 fuit.
1719 855 1916 950 Nunquam
1982 902 1985 908 ·

1149 950 1304 1052 Regibus
1340 948 1610 1052 Langobardis,
1647 971 1708 1027 aut
1745 951 1915 1054 Augustis

1148 1053 1314 1139 Latinis,
1352 1079 1392 1127 ac
1432 1052 1658 1153 Principibus
1694 1079 1805 1148 nuper
1840 1059 1916 1129 lau·

1146 1155 1240 1230 datis
1267 1153 1446 1256 contigit,
1474 1171 1515 1231 ut
1541 1151 1851 1255 praeclarillimam
1870 1157 1917 1230 il.

1146 1259 1219 1332 lam
1246 1258 1267 1330 d
1293 1254 1377 1332 seris
1404 1255 1560 1334 Saeculis
1588 1259 1753 1350 Urbem,
1790 1282 1916 1358 quam·

1147 1385 1254 1458 quam
1282 1385 1355 1434 non
1390 1357 1497 1440 semet
1535 1376 1798 1462 pertentatam,
1835 1359 1915 1436 luae

284 1465 446 1558 ancariis,
465 1469 625 1561 crabbus,
641 1468 864 1566 pensionibus,
889 1466 1057 1562 capellis,
1086 1464 1116 1536 B
1147 1460 1283 1536 ditioni
1319 1459 1511 1537 adderent.
1556 1461 1767 1562 Eligebatur
1801 1461 1856 1538 ibi
1894 1463 1915 1536 b

285 1565 458 1660 Callellis,
481 1572 601 1662 Villis,
624 1601 661 1646 ac
683 1572 826 1649 omnibus
844 1598 903 1668 que
916 1570 983 1642 dici
1001 1589 1059 1642 aut

285 1668 447 1742 nominari
478 1666 624 1768 poffunt,
658 1677 782 1772 prefate
817 1671 954 1758 Ecclesia
974 1669 1060 1765 julie

287 1769 507 1868 &legaliter
538 1777 773 1873 pertinentibus
809 1775 845 1848 in
871 1775 1058 1871 integrum.

285 1872 500 1970 Percipientes
526 1877 631 1975 igitur
655 1883 782 1950 omnino
814 1876 987 1971 jubemus,
1023 1895 1061 1947 ur

286 1976 398 2048 nullus
432 1979 617 2068 Dominus,
653 1979 837 2075 Princeps,
873 1976 1060 2068 straticho,

285 2077 457 2168 bracchio,
485 2081 680 2174 Episcopus,
707 2086 838 2169 Comes,
867 2079 1058 2172 Vicccomes,

260 2145 440 2270 *noctoque
465 2181 562 2266 nollri
596 2179 709 2276 Regni
743 2205 862 2274 magna
895 2180 952 2251 vel
982 2201 1060 2276 par.

284 2305 332 2352 va
355 2279 488 2376 persona
510 2282 634 2380 prefate
661 2279 797 2366 Ecclefie
822 2307 893 2373 res,
927 2281 985 2356 vel
1010 2287 1059 2356 Ε.

1147 1566 1280 1666 populo
1307 1568 1405 1639 Due.
1433 1567 1468 1638 Is
1494 1570 1580 1640 verb
1607 1563 1767 1664 supremi
1792 1543 1915 1640 abbio·

1146 1666 1252 1741 ritate
1278 1662 1481 1760 fruebatur,
1507 1665 1573 1748 nili
1592 1667 1688 1766 quod
1707 1667 1915 1760 interdum,

1147 1785 1209 1844 aut
1229 1767 1348 1870 potius
1368 1767 1440 1844 lere
1466 1768 1622 1872 semper,
1650 1769 1916 1862 sanctonas,

1148 1889 1225 1945 tum
1256 1875 1370 1946 Duces
1397 1872 1452 1948 uti
1481 1871 1683 1974 supremum
1716 1875 1916 1948 Dominmn

1119 2027 1121 2030 -
1147 1974 1397 2050 reverebantur
1424 1979 1680 2072 Imperatorem
1707 1975 1912 2048 Graecum.

1148 2075 1304 2171 Magistri
1330 2103 1471 2176 quoque
1498 2075 1654 2147 Militum
1679 2078 1770 2150 olim
1795 2075 1916 2172 appel·

1146 2176 1213 2248 lati
1241 2176 1446 2276 Principes,
1474 2175 1603 2277 quibus
1627 2175 1781 2275 ejusdem
1808 2173 1916 2250 Civi-

1148 2276 1234 2354 tatis
1275 2277 1435 2379 regimen
1476 2274 1794 2352 committebatur.
1836 2274 1916 2372 Qui

281 2380 441 2482 pijccpum
478 2383 677 2480 inquietare,
714 2380 896 2477 molestare,
931 2403 992 2457 aut·
1025 2385 1061 2457 in
1088 2385 1121 2458 C
1146 2377 1275 2454 titulus
1295 2399 1356 2453 aut
1378 2379 1580 2470 minorem,
1608 2396 1669 2453 aut
1689 2378 1914 2472 breviorem,

283 2484 393 2580 aliquo
411 2482 484 2569 fine
510 2487 610 2585 legale
631 2485 757 2581 judicio
790 2483 957 2577 disvestire
987 2507 1060 2583 pre.

278 2585 407 2681 sumat.
436 2587 503 2660 sed
529 2589 624 2663 liceat
650 2591 751 2660 eidem
773 2593 900 2662 Amata
921 2589 1060 2660 Atcbie-

281 2687 405 2786 piscopc
427 2689 550 2784 prefati
575 2690 741 2788 Episcopii
766 2717 816 2762 res
840 2715 970 2782 tenere,
987 2691 1060 2789 pos·

1146 2483 1253 2580 quim
1281 2479 1416 2570 Ducis,
1444 2480 1696 2556 sonoritatem
1721 2480 1841 2554 nescio
1868 2507 1915 2556 an

1144 2581 1302 2658 indicare
1329 2581 1454 2678 pollit.
1481 2582 1648 2658 Veneriis
1674 2609 1816 2682 quoque
1834 2583 1915 2656 An·

1144 2713 1192 2762 no
1221 2684 1589 2761 Dccxxxv11.uti
1618 2686 1802 2760 Dandulus
1830 2682 1916 2760 lori·

278 2785 410 2878 fidere,
437 2810 533 2886 atque
556 2813 615 2886 per
638 2793 693 2864 bac
718 2792 855 2880 nostrum
876 2798 1077 2889 Preceptumr
1147 2789 1202 2863 bit
1221 2785 1261 2863 in
1280 2787 1487 2881 Chronico,
1513 2787 1707 2866 interemto
1728 2787 1819 2862 Urso
1839 2792 1916 2864 Du·

282 2886 446 2988 prediblas
471 2915 519 2959 res
545 2893 591 2961 ad
625 2893 801 2964 utilitatem
829 2892 888 2984 sue
923 2891 1061 2977 Ecclesie

284 2985 471 3085 adquirite,
483 2989 623 3061 omnium
636 2991 797 3064 bominum
815 2992 1060 3065 contradiblione
1074 3057 1077 3077 ‚

1146 2915 1208 2980 ce,
1235 2917 1345 2987 quum
1373 2890 1412 2964 in
1438 2888 1639 2964 luccelloris
1665 2887 1841 2963 electione
1861 2888 1915 2964 di·

1147 2987 1284 3064 scordes
1310 2990 1419 3064 ellent
1444 2991 1583 3065 civium
1611 2989 1754 3082 animi,
1790 3005 1917 3064 annua.

284 3110 423 3166 remota.
450 3089 490 3164 sc·
515 3092 588 3190 quis
610 3113 717 3166 autem
736 3093 750 3190 (
766 3093 850 3189 quod
867 3092 979 3193 obstr)
1000 3095 1078 3191 lou-2
1147 3092 1209 3162 lem
1250 3089 1414 3164 Rellarem
1450 3089 1515 3176 fibi
1537 3088 1674 3188 praeeffe
1687 3091 1888 3181 -Jlatuerunt
1900 3146 1913 3186 ,

280 3192 341 3291 jus
367 3191 466 3280 nolite
490 3191 694 3268 audictitaris
726 3193 957 3294 prosumtuosus
988 3196 1077 3266 vic-'
1147 3219 1238 3289 quem
1256 3193 1454 3290 Magistrum
1474 3193 1627 3264 Militum
1648 3195 1916 3292 appellauerunt.

284 3299 371 3368 lator
395 3294 559 3384 extiterit,
581 3297 667 3388 sciat
685 3297 723 3387 fe
748 3293 984 3392 compositurum
1002 3324 1060 3369 au·
1088 3292 1124 3362 D
1147 3301 1241 3390 Quae
1266 3295 1393 3392 quidem
1417 3295 1566 3392 dignitas
1583 3295 1759 3390 secundum
1784 3302 1917 3372 Graeca·

284 3395 318 3470 ri
349 3395 510 3492 puriffimi
546 3396 665 3470 Libras
699 3398 822 3488 mille,
858 3397 1061 3470 medietatem

207 3559 211 3567 .
286 3501 419 3571 Camere
448 3498 569 3593 nolite,
607 3499 651 3570 θ’
685 3500 888 3581 medietatem
921 3497 1062 3592 ejusdcm

286 3599 454 3698 Episcopii
481 3603 678 3696 regentibus.
698 3603 798 3700 ,Quocl
815 3621 853 3674 ut
870 3601 981 3672 varius
998 3628 1060 3672 cre.

286 3704 409 3792 datur,
435 3703 670 3799 diligenterque
705 3705 748 3776 ab
783 3702 943 3775 omnibus.
963 3703 1061 3796 obser·

287 3819 386 3872 vetur
411 3828 510 3875 manu
533 3805 665 3900 propria
690 3807 869 3876 roborantes
897 3806 979 3878 banc
999 3825 1061 3902 pa.

288 3899 403 4000 ginam
429 3901 530 3992 nullm
549 3903 662 4000 sigillo
689 3904 841 4001 rnfigniri
861 3905 1029 3998 juffimut.

341 4003 480 4101 Signum
506 4007 628 4078 Domni
648 4006 782 4078 chrici
792 4005 980 4100 sereniffimi
997 4014 1062 4080 lm·

390 4107 548 4206 potatoris
572 4107 744 4206 Augusti.

338 4207 547 4282 Theodericus
579 4206 802 4284 cancellarius
825 4210 896 4284 vica
920 4215 1059 4287 Ebcrar·
1092 4198 1122 4268 Ε
1147 4212 1232 4286 dum
1247 4214 1387 4285 Tribuni
1401 4210 1724 4309 Militum,saepius
1738 4218 1823 4287 verb
1833 4219 1918 4286 Con·'
2062 4287 2066 4297 Α

1148 3423 1217 3468 rum
1252 3396 1342 3490 usum
1377 3398 1562 3471 Tribunatu
1586 3397 1715 3493 major,
1745 3399 1842 3494 super
1867 3420 1917 3470 cos

1148 3499 1192 3568 (θ’
1217 3498 1361 3570 cunllum
1385 3499 1543 3596 Populum
1565 3499 1749 3596 potestatem
1774 3501 1915 3574 obtinet.

1147 3603 1266 3694 Quare
1295 3606 1419 3673 Ducum
1455 3619 1647 3699 perpetua,
1685 3600 1917 3697 Magillromm

1148 3729 1263 3776 annua
1283 3703 1431 3799 potestas
1454 3700 1557 3778 luiffe
1576 3702 1744 3795 videtur,
1767 3698 1832 3774 sifi
1852 3725 1918 3774 no·

1147 3804 1202 3878 vis
1239 3803 1413 3906 suffragiis
1439 3802 1514 3906 ipsa
1554 3803 1753 3880 identidem
1785 3799 1918 3880 confir·
1999 3817 2001 3830 '

1149 3925 1325 3980 moretur.
1364 3907 1521 4004 Neapoli
1548 3925 1668 3983 tamen
1696 3933 1768 3982 non
1799 3931 1917 4002 preca·

1147 4009 1228 4100 ria,
1265 4006 1322 4083 sed
1349 4007 1482 4082 stabilis
1516 4007 1588 4083 fuit
1623 4009 1781 4106 Magistri
1815 4007 1918 4080 Mili.

1147 4131 1215 4182 tum
1233 4108 1449 4208 appellatio.
1472 4112 1656 4184 Praeterea
1674 4109 1785 4184 iidem
1805 4109 1916 4186 inter·

388 4313 428 4384 cli
477 4309 659 4410 Episiapi,
709 4311 754 4382 (9·
797 4313 1057 4390 Arcbicancclla·
1141 4313 1228 4405 [ulos
1242 4313 1412 4415 appellati
1431 4331 1641 4389 occurrunt.
1658 4318 1713 4389 De
1730 4312 1825 4390 bisce
1842 4319 1916 4386 Du-

389 4437 434 4484 rrc
450 4465 668 4490 .........

338 4521 434 4598 Data
456 4515 563 4611 pridie
598 4517 770 4592 Kalendas
793 4517 921 4612 Junii,
954 4527 1059 4594 Anno

271 4625 278 4638 '
390 4619 628 4692 incarnationis
661 4621 797 4692 Domini
824 4625 872 4692 M
869 4671 1057 4697 ........

387 4719 569 4798 Inuillione
605 4725 642 4792 l'.
678 4727 782 4792 Anno
822 4729 898 4794 verb
937 4725 1059 4797 Domni

389 4821 526 4898 Hearici
561 4827 607 4898 ll.
634 4823 799 4920 regnantis
814 4875 929 4900 .....
955 4829 1058 4925 lmpr.

391 4927 437 4999 rii
461 4929 537 4998 verb
564 4929 624 4999 lX.

337 5027 467 5130 biblum
492 5027 611 5131 Trojac
629 5027 787 5134 feliciter.
814 5037 946 5141 ΑΜΕ

1147 4418 1234 4490 cibus
1260 4415 1398 4492 mentio
1425 4415 1472 4492 est
1498 4415 1535 4490 in
1563 4415 1734 4508 Johannis
1760 4409 1915 4490 Diaconi

1147 4517 1279 4594 Histor.
1306 4515 1469 4617 Episcop.
1491 4520 1720 4618 Neapolitan.
1752 4521 1844 4590 Part.
1864 4517 1913 4589 11.

1146 4620 1259 4696 Tomi
1288 4623 1315 4694 I.
1345 4624 1424 4695 Rer.
1453 4620 1608 4696 Italicae.
1641 4619 1839 4712 itidemque
1874 4615 1915 4690 in

1146 4719 1330 4798 Chronico
1354 4721 1551 4815 Calrnenst,
1571 4725 1607 4796 8(
1626 4722 1664 4796 in
1685 4720 1773 4796 vira
1792 4715 1917 4796 Sentii

1146 4823 1329 4898 Athanafii
1354 4823 1610 4922 Neapolitani,
1631 4843 1736 4923 atque
1763 4823 1802 4899 in
1830 4821 1912 4900 aliia

1145 4946 1306 5002 veterum
1347 4925 1617 5006 monumentis.
1661 4923 1837 5002 Meminit
1875 4927 1915 5004 dt

1147 5027 1446 5108 Bibliothecarius
1481 5027 1518 5106 in
1556 5028 1643 5104 Vita
1669 5029 1836 5128 Gregorii
1864 5030 1915 5110 ΙΙ.

1147 5135 1431 5242 Neapolircuqrum
1472 5139 1599 5240 Duum
1634 5132 1829 5334 Enblprqri
1867 5133 1914 5230 Φ]

1760 5255 1860 5316 ΝΜ
