4602 6136
287 459 381 546 ¹¹!
583 415 1105 516 MSSERTATIO
1153 421 1522 518 SECUNDA:
1709 445 1803 540 ’114

230 545 290 638 tut
308 575 382 624 non
401 543 577 622 cantanti
597 541 856 649 fignificatione
875 539 1001 640 vocis3
1027 550 1061 622 A
1091 539 1201 618 dunt.
1234 549 1358 622 Unum
1392 545 1545 622 adieram
1578 546 1754 622 ottonem
1778 545 1864 622 Tild

229 676 315 728 nam
340 654 377 726 dt
402 647 588 728 interdum
614 644 757 746 prailius
783 659 928 745 accepta
955 643 1002 716 et
1094 643 1288 720 beriensem
1315 645 1466 742 (floruit
1488 649 1520 724 is
1543 647 1689 724 circiter
1710 651 1863 726 Annum

232 750 430 856 appellatio
454 751 549 846 illa,
575 767 617 826 ut
643 747 903 850 exprimeretur
923 763 999 820 tan·
1093 744 1225 822 Chrilli
1251 749 1436 846 MCCX.)
1460 747 1500 824 in
1523 749 1662 842 Libro,
1687 748 1746 824 eui
1772 749 1864 829 tiro·

232 873 314 934 tum
338 857 459 959 regio,
478 879 571 955 quae
591 877 685 928 nunc
709 847 880 942 temporis
905 853 996 922 Lum-
1094 849 1252 923 lusoria
1277 849 1488 948 imperialia,
1523 850 1622 926 edito
1657 854 1678 926 l
1710 850 1863 928 Leibnl·
1910 905 1914 918 ·

233 960 353 1034 inedia
377 957 532 1046 dicitur,
558 955 594 1028 dt
622 953 718 1028 inter
744 953 855 1051 Alpes
881 975 921 1025 ac
947 952 997 1025 A·
1095 950 1171 1043 tio,
1195 954 1305 1026 Tom.
1326 975 1361 1028 a.
1384 977 1463 1052 pag.
1480 951 1568 1050 769.
1593 951 1721 1052 Script.
1747 955 1863 1029 Brun.

235 1057 433 1162 penninum
468 1055 531 1130 fita
568 1053 792 1156 protenditur
818 1051 925 1151 usque
957 1049 999 1125 ad
1094 1050 1323 1128 l'uicenlium.
1347 1054 1434 1152 Ejus
1455 1050 1535 1128 sunt
1555 1054 1682 1127 verba:
1706 1057 1861 1128 tamtan

235 1163 325 1242 lines
351 1153 595 1248 Mutinenfis,
630 1183 671 1234 ac
702 1159 921 1232 Mantuanae
946 1151 999 1226 di·
1092 1155 1150 1228 dia
1167 1158 1190 1226 ὸ
1209 1155 1353 1228 Meridie
1371 1157 1467 1228 Mari
1487 1153 1608 1246 mjlru,
1628 1157 1774 1229 amna
1791 1183 1863 1229 rua-

231 1264 373 1344 hionis.
400 1262 441 1333 ln
466 1255 634 1334 Farfenfis
659 1255 866 1334 Monasterii
885 1253 999 1332 Cltt'o·
1093 1257 1123 1326 ri
1146 1255 1322 1330 Adriatico
1355 1255 1565 1348 caminatae,
1601 1255 1693 1350 cujus
1727 1256 1861 1329 initium

236 1367 345 1456 nico,
371 1360 467 1460 quod
488 1360 621 1460 publici
641 1360 729 1458 juria
747 1356 817 1433 leci
837 1359 932 1431 Part.
953 1358 1002 1429 11.
1096 1363 1238 1450 Verona,
1263 1356 1351 1452 finis
1366 1366 1507 1452 Ianua,
1541 1357 1759 1431 meditullium
1782 1361 1863 1432 Mr-

237 1472 349 1544 Tom.
377 1467 423 1536 ll.
450 1467 529 1537 Rer.
556 1462 710 1535 italicar.
737 1485 816 1562 pag.
840 1462 926 1556 380.
951 1459 1000 1532 le·
1031 1465 1060 1536 B
1093 1460 1260 1534 diuinum
1277 1461 1347 1534 &a
1375 1461 1561 1560 Denique,
1586 1486 1632 1535 ne
1657 1459 1727 1535 boc
1749 1458 1865 1538 omit·

239 1561 1002 1762 iiiiiiiiiriiiirifflliiff
1095 1581 1194 1740 {iii}
1219 1559 1747 1764 ll.i.il².“l⁵..{2.¹¹'⁰'.‘.’
1761 1565 1864 1763 ..¹35

859 1719 871 1756 1
1645 1720 1657 1758 1
1843 1705 1863 1732 ·

240 1795 391 1868 cumque
419 1765 566 1866 poffidet
593 1787 663 1842 tam
689 1767 725 1841 iu
752 1766 1002 1863 longabardia,
1095 1765 1199 1865 cipue
1225 1767 1429 1868 Apuliam,
1457 1767 1702 1865 langobardiae
1728 1765 1862 1840 uiuant

239 1877 336 1970 quiue
354 1873 388 1942 iu
407 1870 593 1961 Romania,
611 1870 668 1958 seu
692 1871 724 1940 ir
745 1869 883 1963 Tuscia,
905 1869 951 1938 (9·
968 1866 1003 1938 iu
1096 1869 1272 1944 vocabulo
1298 1869 1470 1968 peculiari
1495 1865 1691 1970 defignare.
1716 1869 1866 1944 Mento-⁴

238 1979 369 2048 Ducaru
382 1975 571 2070 spolerano.
590 1975 646 2044 En
663 1990 702 2044 ut
719 1975 738 2043 l
753 1967 1004 2070 Langobardia
1095 1988 1150 2044 rat
1184 1976 1263 2048 Leo
1288 1969 1451 2047 Ostienfis
1486 1969 1526 2046 in
1552 1970 1742 2054 Chronico
1764 1967 1864 2048 cati·

238 2073 444 2150 excluditur
472 2072 626 2160 Tuscia,
659 2097 699 2144 ac
732 2076 1004 2173 spoletanorum
1096 2071 1189 2147 nenfi
1225 2071 1309 2149 Lib.
1339 2077 1367 2146 l.
1394 2075 1484 2171 Cap.
1513 2097 1576 2170 49.
1612 2073 1862 2167 Symbaticum

239 2174 362 2250 ditio.
397 2173 605 2250 Notandum
635 2189 753 2248 autem
781 2173 890 2266 heic,
917 2177 1000 2248 Gre·
1096 2175 1295 2272 imperialem
1321 2174 1616 2274 Protospatarium,
1649 2201 1687 2246 ac
1714 2174 1864 2248 suaeb-

238 2277 381 2378 gorium
410 2278 632 2352 Monachum
657 2275 856 2351 Aublorem
875 2275 1000 2352 -Chsu
1090 2303 1170 2374 guae
1207 2277 1444 2370 maauaiaa,
1479 2277 1665 2367 Thraciae,
1703 2275 1865 2376 Cephale-
1927 2281 1935 2288 '

239 2378 317 2452 nici
343 2375 512 2452 farfensis
547 2377 586 2455 in
622 2381 819 2481 promendo
843 2377 913 2454 hoc
940 2377 1003 2454 Di·
1030 2395 1063 2467 c
1095 2380 1190 2470 uiae,
1207 2399 1303 2477 arque
1318 2379 1581 2477 langobardiae.
1602 2373 1756 2454 Proinde
1774 2375 1863 2452 hine

240 2481 401 2580 plomate
435 2481 622 2580 deceptum
656 2480 779 2577 iuiffe,
814 2505 927 2582 quum
962 2479 1000 2554 il·
1096 2478 1257 2574 fabium,
1294 2499 1335 2555 ut
1368 2479 1409 2554 in
1444 2477 1741 2581 chronographia
1775 2474 1864 2554 Tri·

240 2580 303 2656 lud
326 2586 461 2658 Carolo
480 2586 620 2686 Magno
642 2583 803 2678 tribuat,
822 2584 918 2683 quod
942 2581 1004 2658 tri·
1098 2582 1251 2683 partita,
1273 2608 1380 2681 qnam
1403 2582 1576 2684 collegit,
1600 2608 1641 2658 ac
1665 2580 1778 2658 Latio
1798 2578 1864 2655 do·

240 2683 419 2760 buendum
455 2687 593 2762 Carolo
625 2684 748 2762 Cralio
783 2685 919 2762 fuerat.
952 2689 1006 2758 Iu·
1098 2685 1200 2761 navit
1214 2682 1411 2762 Anastalius
1430 2682 1755 2778 bibliothecarius,
1774 2681 1863 2758 haec

240 2787 364 2884 quiriui
391 2789 524 2861 Notarii
557 2815 713 2880 nomen,
747 2788 803 2864 uti
838 2790 873 2862 te
903 2787 1006 2862 Liud-
1097 2789 1204 2862 rerba
1221 2805 1409 2864 occurram
1426 2786 1470 2863 de
1490 2793 1590 2862 lrene
1608 2785 1771 2864 Orientis
1790 2788 1865 2858 lmn'

240 2889 1007 3065 §tli‘lttffl‘lrillisit&
1097 2888 1865 3086 fflgttlst'i‘ht'gtitfifl:

243 3091 439 3180 LXXXI„
458 3087 553 3187 quod
577 3087 687 3164 etiam
711 3089 926 3166 manifestius
950 3117 1007 3190 pa·
1096 3119 1164 3165 cum
1182 3092 1341 3164 Theodoro
1359 3089 1482 3162 dudum
1504 3097 1595 3187 Rege
1617 3087 1749 3184 majoris
1770 3093 1865 3160 Lau·¹

241 3189 338 3264 tebit
360 3215 405 3266 ex
429 3187 624 3265 collatione
647 3191 800 3268 aliorum
822 3193 1006 3293 Diploma·
1092 3193 1267 3292 gebardiae
1299 3193 1346 3265 ad
1377 3190 1530 3263 ullium
1568 3191 1795 3284 inferendam,
1827 3185 1864 3276 fi

241 3307 346 3382 tum,
369 3317 460 3389 quae
486 3289 524 3364 in
550 3293 674 3366 eodem
698 3297 815 3395 Opere
837 3321 904 3396 ego
927 3322 1005 3396 pro·
1037 3311 1071 3380 D
1095 3293 1211 3394 puffcr,
1236 3295 1272 3366 iu
1295 3294 1465 3368 Carulruu.
1487 3292 1554 3368 Sed
1602 3291 1657 3368 uis
1681 3291 1742 3367 ille
1761 3291 1864 3364 Ther·

241 3391 389 3468 ducam.
413 3392 628 3490 Iampridem
653 3420 739 3470 vero
762 3395 957 3472 Lotharius
979 3400 1007 3470 1.
1096 3401 1220 3470 dorus?
1244 3396 1376 3470 Nullus
1399 3421 1556 3496 unquam
1576 3319 1650 3472 hit
1669 3393 1774 3494 hujus
1797 3415 1864 3468 no·

241 3493 419 3594 Augustus
440 3493 591 3569 Farienfi
610 3497 800 3572 Coenobio
819 3496 1006 3574 confirma·
1099 3498 1207 3575 minis
1225 3495 1541 3596 Langobardorum
1561 3499 1659 3570 Rex.
1683 3498 1809 3594 ltaque
1826 3509 1866 3570 ai

242 3614 301 3670 rat
324 3597 401 3696 jura
424 3595 534 3696 pofita
558 3597 645 3688 iufra
664 3601 818 3691 ltaliam,
837 3601 1006 3694 Tusciam,
1099 3598 1429 3676 nimadvertendum
1452 3597 1521 3689 cll,
1543 3601 1699 3672 Graecos
1720 3597 1865 3668 Theade-

241 3697 279 3768 dt
305 3697 523 3772 Remmiam.
558 3703 607 3772 Et
633 3703 785 3776 Carolus
810 3705 946 3779 Caluus
971 3729 1006 3776 a·
1100 3705 1131 3774 ri
1153 3701 1299 3778 nomine
1321 3699 1460 3775 donaffe
1477 3699 1696 3796 Adelgisuuu,
1715 3695 1786 3772 live
1806 3701 1867 3771 A·

238 3795 296 3872 lio
317 3798 559 3897 Diplomatel
580 3801 735 3901 publicis
752 3804 920 3880 oneribus
937 3803 1001 3878 im·
1099 3805 1234 3878 delcbiuu
1261 3800 1433 3878 Defiderii
1469 3800 1633 3902 postremi
1659 3799 1866 3976 Lanppbar·

241 3897 369 3972 munia
387 3897 554 3974 Furienfls
573 3901 726 4001 ejusdem
745 3904 927 3986 Coenobii
946 3905 1004 3980 bo·
1100 3905 1224 3981 dorum
1254 3905 1362 4004 Regis
1391 3904 1535 3996 filium,
1570 3900 1635 4002 qul
1660 3906 1741 3978 Con
1791 3899 1866 3976 nti·

241 4025 292 4074 na
309 3998 491 4091 decrevit,
508 4022 577 4074 tam
595 4005 632 4076 in
650 4005 895 4103 langobardia,
913 4012 1008 4104 qaam
1102 4006 1263 4109 nopolim
1288 4005 1322 4080 se
1341 4005 1375 4080 se
1393 4021 1590 4107 receperat.
1619 4008 1757 4104 Nempe
1782 4000 1865 4103 ipfia

239 4101 278 4176 iu
297 4102 480 4175 marmania
504 4101 644 4198 (scribo
666 4107 703 4179 ἀ
726 4105 869 4208 corrigo
886 4117 921 4180 iu
939 4116 1009 4180 Ro·
1101 4110 1139 4184 in
1167 4133 1266 4182 more
1300 4105 1393 4191 fuit,
1430 4124 1470 4181 ut
1496 4105 1648 4205 quadam
1675 4123 1868 4180 metamor·

240 4203 385 4303 maria)
414 4203 474 4298 seu
507 4205 543 4275 iu
571 4205 708 4298 Tuscia,
743 4211 789 4281 o
817 4211 853 4281 iu
879 4217 1009 4286 uacua
1040 4233 1067 4302 Ε
1102 4207 1198 4310 pholi
1234 4206 1451 4307 alienigenas
1477 4212 1631 4283 Graecos
1665 4206 1867 4282 efficerent.

240 4306 434 4400 spolerano.
452 4309 508 4380 lta
524 4302 646 4382 senfim
661 4309 842 4384 eontrab'ta
856 4311 902 4386 eil
918 4319 1005 4385 Lun-
1104 4316 1158 4386 lta
1185 4315 1318 4384 Berraur
1343 4309 1510 4410 llugonia
1539 4308 1664 4384 ltaliae
1691 4307 1799 4410 Regis
1819 4307 1874 4400 fi«

235 4407 413 4503 gabardiae
438 4407 632 4507 appellatio
658 4407 701 4482 ad
737 4437 814 4485 eam
850 4429 1005 4487 tantum·
1103 4413 1214 4504 liam,
1248 4433 1371 4486 mrum
1395 4413 1520 4486 umine
1545 4411 1660 4484 Graeci
1684 4413 1868 4484 suaniam

240 4504 353 4580 modo
381 4507 587 4608 regionem,
614 4536 723 4609 quam
751 4510 852 4612 supra
880 4513 1008 4604 innui,
1103 4514 1294 4606 dixerunt,
1321 4511 1376 4590 uti
1402 4541 1468 4590 uos
1492 4513 1598 4590 docet
1623 4510 1866 4627 Liutpnndus

239 4631 284 4682 ac
311 4607 496 4725 praecipue
522 4611 584 4686 suh
611 4613 795 4689 friderico
821 4619 850 4688 Ι,
882 4614 942 4690 hie
968 4644 1003 4690 u·
1104 4616 1237 4694 Hillor.
1264 4615 1349 4694 Lib.
1378 4641 1412 4711 ς.
1438 4620 1528 4717 Cap.
1552 4641 1590 4714 p.
1615 4619 1663 4689 Et
1688 4637 1809 4688 revera
1834 4635 1869 4683 r·

239 4705 300 4784 sus
329 4711 487 4882 amplum
512 4714 1012 4892 edeocicrate,·seu²hl⁷oedlere
1097 4718 1245 4894 Σιλὼ
1262 4710 1870 4894 Addiiiipfflufihffiniss:

239 4811 382 5012 iiiiii
402 4835 530 4990 iiiii.
566 4837 826 5012 iuritniariaenri,
851 4843 930 5018 qdis
941 4846 1011 4994 Gt
1099 4876 1251 5100 Εἰπὲ
1265 4839 1332 4996 airi
1359 4845 1734 5008 Hilloiii'Miscella,
1758 4940 1870 5014 quam

241 5011 434 5114 nuenfium·
452 5014 630 5093 ditionem
660 5017 756 5096 inter
781 5018 875 5121 ipsos
901 5047 1009 5122 angu·
1219 5029 1343 5101 Tomo
1363 5027 1391 5098 1.
1411 5028 1494 5099 Rer.
1509 5018 1664 5094 italicar.
1683 5043 1764 5118 pag.
1783 5020 1868 5114 167.

239 5111 312 5224 liae
335 5113 438 5300 ξιξ
460 5119 730 5302 ὲωὸοδκάἰω
753 5119 841 5202 fines
864 5125 1006 5204 ooneln·
1075 5085 1150 5226 lita
1167 5127 1356 5310 iim:
1393 5131 1520 5204 rum
1543 5120 1663 5196 Eirene
1681 5120 1869 5304 53:21&
