4626 6152
327 435 416 546 '4¹05
580 422 1545 542 ·Ι)183ΕΚΤΑΤΙΟΜῙΝοΤΑ.
1733 439 1825 539 406

270 541 403 646 sputari
429 543 572 646 quidem
646 543 731 638 test,
756 545 793 618 dt
820 569 946 645 negare
963 543 1031 620 im·
1055 551 1093 624 A
1122 543 1233 617 Anno
1274 545 1457 618 DCCXL.
1496 541 1686 636 Julianus,
1727 543 1771 618 de
1811 571 1884 644 que

271 649 400 750 pavide
417 673 524 722 nemo
544 674 589 747 po
633 668 667 722 t.
682 651 769 723 Non
782 664 857 722 erat
875 646 923 722 iis
942 661 1031 720 tena-
1119 640 1205 722 haec
1240 642 1364 719 scribit
1399 645 1582 719 Dandulus
1617 643 1701 720 Lib.
1727 668 1764 744 7.
1789 648 1881 749 Cap.

271 748 416 852 poribus
434 748 473 824 in
492 747 621 824 ltalico
640 747 739 842 solo,
760 746 1033 868 regionibusque
1118 773 1155 849 7.
1181 743 1377 824 Chronici:
1413 746 1479 820 Hie
1502 773 1541 817 ere
1564 744 1784 838 munificentia
1816 753 1884 823 lm·

272 849 505 928 conterminis
530 877 614 948 gens
640 853 714 926 ulla
748 849 833 925 satus
868 865 943 924 tam
973 851 1030 925 be·
1115 850 1235 950 periali
1260 855 1434 946 Hyparur,
1471 845 1550 936 idest
1575 847 1694 940 Consul
1727 851 1884 948 Imperia

271 953 392 1053 nignis
419 951 498 1042 usa,
525 978 615 1049 quae
640 952 735 1026 inter
769 949 1030 1053 potentiffimos
1117 953 1186 1045 lis,
1215 949 1291 1048 jam
1321 948 1456 1041 soiius,
1493 951 1575 1023 bunc
1598 948 1739 1021 hermem
1760 974 1883 1050 prome.

272 1057 384 1172 Reges
400 1050 593 1153 plenissime
606 1055 829 1174 Libertatem
842 1053 939 1128 suam
954 1072 1027 1172 tue·
1118 1055 1186 1126 ruir
1223 1054 1387 1127 obtinere.
1428 1053 1497 1171 lta·
1519 1047 1728 1171 Deusdedit.
1751 1079 1881 1152 paucos

271 1154 868 1358 nltllsllsslli‘sslstlli
893 1155 1031 1330 list.
1111 1152 1884 1354 lli..2.”l.⁰.?.s.’ssl;'.1:'l..lll?lill?

273 1362 386 1458 Reges
403 1357 442 1432 in
461 1383 603 1432 omnem
629 1359 830 1434 dilatandae
848 1357 1030 1458 potentiae
1116 1357 1204 1433 ritio
1230 1357 1374 1432 circiter
1400 1360 1548 1430 Annum
1576 1356 1815 1431 DCCLllVI.
1839 1383 1881 1433 ac

271 1457 487 1534 occasionem
513 1457 670 1577 intenti}
690 1459 794 1536 illinc
812 1457 940 1536 Graeci
951 1438 1029 1532 'lm-
1064 1459 1159 1540 Bde
1195 1459 1278 1534 aliis
1316 1455 1605 1558 subsequentibus
1646 1457 1879 1534 Veneriorum

271 1579 472 1662 pecatores,
490 1561 553 1662 qui
576 1580 757 1661 portiones
775 1559 915 1660 aliquot
938 1560 1028 1635 auti·
1118 1562 1300 1636 Ducibus.
1337 1561 1486 1635 Titulus
1511 1579 1631 1634 autern
1657 1560 1787 1656 Hypani
1820 1559 1880 1637 seu

271 1689 362 1761 quae
387 1661 642 1737 dominationis
667 1661 890 1755 retinebant,
924 1663 961 1736 dt
986 1663 1029 1737 ad
1115 1663 1263 1756 Consulis
1283 1664 1304 1737 i
1323 1661 1469 1737 Graecis
1495 1660 1772 1762 Imperatoribus
1793 1687 1879 1736 con.

271 1763 453 1864 deperdita
476 1764 708 1865 recuperanda
733 1762 895 1863 quotidie
914 1763 1027 1839 inhia·
1116 1763 1316 1839 serebatur.
1356 1763 1470 1865 Cujus
1504 1763 1557 1839 rei
1593 1760 1725 1837 illustre
1760 1789 1881 1838 exem.

272 1865 381 1939 bant.
416 1863 493 1942 Nisi
522 1867 677 1966 Populus
712 1867 859 1968 exiguus
894 1865 1029 1940 medius
1117 1869 1214 1966 plum
1251 1863 1379 1967 prostat
1414 1863 1506 1967 apud
1542 1862 1766 1939 Franciscum
1794 1869 1881 1938 San·

270 1963 397 2040 horum
424 1967 467 2042 ab
493 1967 697 2042 alterutrius
721 1967 875 2070 imperio
910 1967 1029 2068 aliqua
1116 1967 1279 2050 savinum
1321 1965 1539 2042 Historicum
1577 1971 1755 2041 Venetam
1791 1965 1879 2044 Lib.

270 2093 314 2141 ex
341 2086 440 2167 parte
465 2068 699 2168 pependisset,
719 2067 818 2143 brevi
842 2069 880 2142 in
907 2093 1027 2142 eorum
1119 2093 1174 2168 13.
1201 2074 1329 2146 Vener.
1363 2053 1525 2142 illustrat.
1558 2066 1653 2166 quod
1679 2071 1778 2165 Opus
1806 2071 1879 2142 Ve·

271 2169 436 2269 praedam
461 2168 730 2244 &servitutem
758 2167 928 2244 cessisset.
1115 2169 1222 2245 netiis
1247 2168 1414 2244 excusum
1440 2167 1487 2244 est
1511 2172 1622 2242 Anno
1653 2168 1761 2264 1604.
1787 2171 1879 2242 Nar·

321 2275 371 2343 Et
396 2271 539 2368 quidem
567 2270 717 2359 Graeci,
744 2273 802 2345 vel
831 2269 903 2370 post
927 2297 1028 2346 occu·
1089 2345 1093 2356 ,
1115 2292 1170 2346 rat
1195 2271 1283 2364 ille,
1311 2267 1373 2345 sub
1399 2268 1516 2344 oculis
1542 2269 1576 2343 se
1601 2267 1758 2343 habuisse
1783 2273 1880 2346 Exa-

270 2374 407 2472 patasi
431 2371 673 2472 Langobardis
700 2370 878 2470 plerasque
905 2372 1030 2446 Italiae
1056 2380 1088 2454 C
1116 2400 1196 2448 men
1232 2372 1370 2448 testium
1407 2375 1519 2446 Anno
1555 2373 1759 2446 DCCClV.
1787 2374 1879 2447 cele-

273 2495 411 2573 parter‚
440 2479 668 2564 Rauennam,
704 2472 860 2566 sisciam,
889 2477 1028 2548 Delma·
1118 2477 1254 2548 beatum
1284 2475 1327 2548 ab
1348 2477 1484 2547 ‘Izzone
1510 2469 1677 2568 (sortasse
1703 2475 1879 2648 Azzonq)

269 2576 389 2668 tiam,
424 2574 578 2674 aliasque
612 2573 810 2649 maritimas
846 2575 960 2650 Urbes
986 2574 1027 2648 ad
1116 2576 1275 2650 Cadolao
1294 2577 1329 2647 δι
1353 2574 1473 2675 Ajone
1498 2571 1764 2649 comitibus&
1788 2576 1879 2650 Mi.

267 2677 497 2752 Adriaticum
536 2673 666 2752 fretum
708 2675 770 2751 diu
810 2693 998 2750 tenuerunt
1014 2701 1027 2776 3
1115 2675 1156 2750 fis
1181 2677 1220 2750 in
1257 2675 1389 2750 istriam
1417 2678 1436 2749 l
1464 2676 1597 2750 Carolo
1632 2677 1770 2776 Magno
1800 2679 1879 2752 Au·

269 2777 440 2875 simulque
468 2776 605 2876 aliquid
641 2777 729 2879 juris
764 2777 945 2852 retinuisse
972 2775 1010 2850 ui
1138 2777 1233 2869 ullo,
1260 2777 1303 2852 ad
1330 2776 1557 2876 inquirendas
1583 2777 1797 2852 extorsiones
1823 2775 1878 2854 ibi

270 2875 397 2951 dentur
424 2879 461 2950 in
488 2881 644 2970 Insulas,
680 2904 770 2975 quae
795 2904 889 2952 nunc
915 2877 1024 2978 splen·
1114 2805 1222 2952 iactas
1248 2880 1267 2951 l
1290 2877 1448 2969 Johanne
1474 2881 1575 2952 Duce
1600 2875 1701 2950 illius
1729 2878 1879 2952 Prouin-

269 2975 485 3050 didissrmam
525 2977 755 3052 venetiarum
799 2979 932 3053 Urbem
969 2978 1051 3053 aut'
1115 2978 1189 3053 ciae
1217 2979 1385 3054 Resiore.
1411 2981 1472 3053 Ab
1495 2979 1627 3074 antiquo
1651 2995 1785 3075 tempore
1801 2981 1879 3050 dum

269 3079 483 3168 efformem,
519 3097 580 3153 aut
615 3077 926 3179 circumcingunt.
961 3084 1026 3155 Re·
1111 3080 1231 3170 fuimus
1258 3080 1318 3171 [ub
1340 3077 1490 3176 pareliano
1525 3085 1710 3152 Graecorum
1747 3079 1878 3176 Imperii

268 3179 382 3255 sertur
406 3181 426 3252 l
454 3181 648 3271 Dandulo,
676 3180 853 3272 Baronio,
880 3180 1029 3278 aliisque
1115 3180 1192 3278 (ita
1231 3181 1340 3282 ajunt,
1374 3179 1569 3271 Islrienles,
1615 3195 1701 3254 tunc
1741 3179 1876 3258 ditioni

268 3280 507 3380 Scriptoribus
528 3282 682 3372 Epistola
701 3280 868 3382 Gregorii
895 3286 942 3356 ΙΙ.
966 3287 1026 3356 Pa·
1057 3292 1089 3360 D
1114 3281 1239 3358 Caroli
1267 3281 1493 3379 Imperatoris
1517 3278 1672 3381 adjesli)
1699 3283 1878 3356 habuemm

267 3409 354 3484 pae,
381 3380 508 3467 scripta
534 3383 609 3474 Urso
627 3386 713 3456 Duri
733 3383 933 3456 Veneriorum
951 3386 1027 3457 An·
1112 3407 1260 3482 parentes
1284 3382 1380 3470 nostri
1404 3383 1654 3475 consuetudinem
1678 3383 1816 3456 hemodi
1840 3411 1879 3459 a·

267 3509 316 3558 no
344 3486 581 3558 Dccxxvu
617 3485 678 3559 ubi
715 3484 894 3583 postquam
931 3511 1024 3560 enar·
1115 3485 1184 3557 siue
1217 3484 1418 3574 Tribunari,
1455 3483 1661 3576 Domesticos,
1689 3483 1749 3575 seu
1784 3485 1879 3558 Viro·

267 3585 363 3662 ravit
398 3605 607 3685 occupatam
633 3588 654 3659 l
681 3586 924 3686 Langobardis
959 3591 1025 3660 Ra·
1116 3588 1205 3679 rios,
1239 3611 1379 3659 necnon
1404 3583 1758 3684 Luciferumor(lcgo
1784 3585 1878 3658 Lori·

267 3711 445 3776 vennam,
478 3687 512 3758 ei
540 3685 733 3784 praecipit,
760 3705 801 3760 ut
826 3686 915 3762 totis
942 3686 1025 3762 viri·
1110 3686 1316 3787 semerom)
1343 3687 1388 3758 Θ
1412 3707 1467 3782 per
1501 3685 1582 3784 ipsos
1614 3686 1742 3758 honrem
1765 3687 1878 3760 ombu-

264 3787 335 3878 ¹bus
372 3784 577 3883 praefidium
612 3783 701 3860 serat
735 3789 926 3870 Exarcho,
966 3787 1028 3887 qui
1115 3791 1229 3863 labent
1262 3791 1308 3862 od
1340 3791 1610 3880 communissent,
1647 3788 1691 3857 θ
1723 3788 1876 3881 sedebant

268 3884 438 3960 venetias
464 3883 692 3983 confugerat,
713 3906 753 3961 ut
779 3889 818 3963 in
846 3889 1028 3989 pristinum
1118 3892 1152 3961 in
1177 3887 1309 3984 cmseffu
1334 3889 1543 3988 unusquisque
1572 3910 1631 3987 pm
1659 3887 1718 3980 suo
1741 3889 1881 3963 horre.

260 3987 393 4063 siarum
417 4013 470 4062 res
498 3987 651 4061 Romani
678 3989 824 4085 Imperii
851 3991 1029 4066 restituan-
1117 3996 1166 4062 Er
1190 3991 1247 4087 qui
1270 3991 1399 4062 volebat
1424 3991 1579 4062 meliorem
1611 3989 1754 4068 bonorem
1780 3991 1876 4062 babe-

267 4107 348 4181 tur,
374 4091 410 4162 δι
439 4093 607 4164 Ravenna
632 4108 879 4190 recuperetur,
914 4091 968 4165 ita
988 4119 1027 4165 e·
1116 4094 1211 4164 rede
1245 4090 1411 4179 Tribuno,
1446 4090 1633 4164 ambulabat
1656 4090 1702 4161 od
1735 4095 1877 4164 IMPE-

269 4194 417 4294 xigente
457 4191 696 4292 Augustorum
735 4190 902 4268 seruitio.
944 4197 1030 4270 Non
1059 4195 1090 4266 E
1115 4197 1247 4266 RIUM
1262 4188 1418 4288 (horest
1436 4190 1478 4262 ad
1499 4194 1752 4290 Imperatorem
1768 4195 1877 4266 Grae·

268 4295 346 4369 alio
361 4293 483 4368 'titulo
519 4311 742 4394 praeceptum
778 4292 847 4370 hoc
872 4299 1028 4371 Veneto·
1116 4294 1222 4392 cum)
1249 4293 1306 4390 qui
1324 4293 1417 4366 illum
1434 4291 1605 4366 ordinabat
1623 4295 1876 4370 HYPATUM.

267 4419 348 4472 rum
376 4393 470 4468 Duci
502 4395 629 4470 dedisse
655 4393 844 4471 censendus
870 4395 916 4471 esi
942 4400 1028 4472 Gre·
1113 4403 1204 4468 Tunc
1229 4395 1305 4488 isle,
1330 4394 1388 4491 qui
1412 4392 1591 4490 imperialis
1607 4414 1678 4467 erm
1702 4401 1875 4492 Hypatos,

268 4493 388 4598 gorius
415 4497 535 4594 Papa,
562 4496 627 4570 nili
652 4497 748 4596 quod
773 4503 927 4573 Graecus
952 4501 1026 4572 Au·
1114 4500 1149 4568 in
1174 4497 1261 4568 omni
1286 4499 1350 4567 loco
1377 4495 1550 4588 smundirm
1575 4497 1668 4568 illum
1693 4495 1876 4592 Magistro·

267 4597 403 4697 gustus,
438 4594 551 4672 adhuc
587 4603 722 4674 Romae
756 4599 960 4692 Dominus,
995 4597 1030 4674 ei
1112 4619 1181 4670 rum
1206 4596 1361 4668 Militum
1384 4599 1606 4694 praecedebar.
1632 4593 1764 4669 Tacite
1789 4594 1875 4671 baec

267 4697 345 4776 suas
370 4697 467 4772 vices
492 4697 536 4772 ad
572 4701 726 4774 Romani
761 4700 909 4799 Imperii
936 4716 1028 4776 tute·
1111 4697 1258 4774 Lesiori
1283 4696 1475 4789 dislitant,
1502 4721 1573 4772 non
1599 4693 1742 4770 aliunde
1765 4721 1874 4794 quam

170 4891 172 4896 ¹
265 4803 340 4878 lam
364 4798 654 4875 commendasset.
682 4805 749 4876 Per
769 4801 914 4902 aliquod
938 4819 1028 4876 tem·
1114 4803 1134 4874 l
1154 4798 1294 4874 Palatio
1318 4795 1718 4895 Constantinopolitano
1742 4821 1874 4876 nomen

267 4931 332 5004 pus
367 4899 467 4976 defiit
493 4901 658 4976 Veneriis
691 4903 919 5004 Magistratus
954 4910 1026 4975 Du·
1115 4901 1294 4998 imperialis
1319 4902 1448 4998 Hyperi
1456 4955 1467 4989 ,
1494 4896 1813 4996 aussoritatemque
1838 4925 1875 4974 e.

265 5033 362 5094 eum,
387 5029 577 5101 eorumque
602 5006 685 5079 loco
710 5004 878 5105 regimini
905 5001 1027 5098 praesi-
1114 5001 1266 5102 jusmodi
1294 5001 1477 5103 Dignitati
1505 4999 1685 5100 jonaan,
1715 4999 1875 5076 Ducibus

265 5107 426 5184 debatur
442 5105 602 5206 Magister
619 5107 793 5200 Militum,
815 5104 930 5206 qualis
956 5104 1047 5208 suit}
1112 5103 1221 5182 etiam
1248 5103 1398 5180 Venetis
1424 5101 1524 5176 fuisse
1548 5101 1722 5178 delatam.
1749 5104 1875 5279 Atque

713 5255 719 5265 =
1184 5207 1264 5281 Ge
1316 5227 1342 5282 r.
1730 5202 1800 5280 illu
1897 5223 1902 5231 ·
