<?xml version="1.0" encoding="UTF-8"?>
<!DOCTYPE html PUBLIC "-//W3C//DTD XHTML 1.0 Transitional//EN"
    "http://www.w3.org/TR/xhtml1/DTD/xhtml1-transitional.dtd">
<html xmlns="http://www.w3.org/1999/xhtml" xml:lang="en" lang="en">
 <head>
  <title>
</title>
<meta http-equiv="Content-Type" content="text/html;charset=utf-8" />
  <meta name='ocr-system' content='tesseract 3.04.00' />
  <meta name='ocr-capabilities' content='ocr_page ocr_carea ocr_par ocr_line ocrx_word'/>
</head>
<body>
  <div class='ocr_page' id='page_1' title='image "./antiquitatesita02muragoog/antiquitatesita02muragoog_0327.png"; bbox 0 0 4534 6164; ppageno 0'>
   <div class='ocr_carea' id='block_1_1' title="bbox 473 336 1977 466">
    <p class='ocr_par' dir='ltr' id='par_1_1' title="bbox 473 336 1977 466">
     <span class='ocr_line' id='line_1_1' title="bbox 473 336 1977 466; baseline -0.006 -27"><span class='ocrx_word' id='word_1_1' title='bbox 473 362 557 466; x_wconf 77' lang='lat'><em>615</em></span> <span class='ocrx_word' id='word_1_2' title='bbox 723 336 1722 464; x_wconf 57' lang='lat' dir='ltr'><em>ANTIQUIT.MEDHAEV1</em></span> <span class='ocrx_word' id='word_1_3' title='bbox 1887 353 1977 434; x_wconf 68' lang='lat'><em>616</em></span> 
     </span>
    </p>
   </div>
   <div class='ocr_carea' id='block_1_2' title="bbox 461 455 2035 559">
    <p class='ocr_par' dir='ltr' id='par_1_2' title="bbox 461 455 2035 559">
     <span class='ocr_line' id='line_1_2' title="bbox 461 455 2035 559; baseline -0.011 -19"><span class='ocrx_word' id='word_1_4' title='bbox 461 463 624 554; x_wconf 72' lang='lat' dir='ltr'><em>Arnojlns</em></span> <span class='ocrx_word' id='word_1_5' title='bbox 649 463 803 538; x_wconf 83' lang='lat' dir='ltr'><em>Notarius</em></span> <span class='ocrx_word' id='word_1_6' title='bbox 827 464 872 534; x_wconf 79' lang='lat' dir='ltr'><em>ad</em></span> <span class='ocrx_word' id='word_1_7' title='bbox 896 463 998 534; x_wconf 85' lang='lat' dir='ltr'><em>vicem</em></span> <span class='ocrx_word' id='word_1_8' title='bbox 1021 463 1175 538; x_wconf 86' lang='lat' dir='ltr'><em>Linrnar·</em></span> <span class='ocrx_word' id='word_1_9' title='bbox 1204 464 1238 537; x_wconf 82' lang='lat' dir='ltr'>A</span> <span class='ocrx_word' id='word_1_10' title='bbox 1269 461 1353 551; x_wconf 86' lang='lat' dir='ltr'><em>xia,</em></span> <span class='ocrx_word' id='word_1_11' title='bbox 1379 456 1550 559; x_wconf 83' lang='lat' dir='ltr'><em>appellari</em></span> <span class='ocrx_word' id='word_1_12' title='bbox 1586 456 1649 533; x_wconf 78' lang='lat' dir='ltr'><em>fita</em></span> <span class='ocrx_word' id='word_1_13' title='bbox 1684 457 1723 533; x_wconf 87' lang='lat' dir='ltr'><em>in</em></span> <span class='ocrx_word' id='word_1_14' title='bbox 1758 457 1920 530; x_wconf 83' lang='lat' dir='ltr'><em>Comiraru</em></span> <span class='ocrx_word' id='word_1_15' title='bbox 1954 455 2035 530; x_wconf 82' lang='lat' dir='ltr'><em>Bri·</em></span> 
     </span>
    </p>
   </div>
   <div class='ocr_carea' id='block_1_3' title="bbox 408 565 1177 1265">
    <p class='ocr_par' dir='ltr' id='par_1_3' title="bbox 413 565 974 661">
     <span class='ocr_line' id='line_1_3' title="bbox 413 565 974 661; baseline -0.002 -23"><span class='ocrx_word' id='word_1_16' title='bbox 413 565 452 638; x_wconf 82' lang='lat' dir='ltr'><em>di</em></span> <span class='ocrx_word' id='word_1_17' title='bbox 477 565 765 641; x_wconf 72' lang='lat' dir='ltr'><em>Arrhicancellarii</em></span> <span class='ocrx_word' id='word_1_18' title='bbox 791 565 974 661; x_wconf 73' lang='lat' dir='ltr'><em>recognovi.</em></span> 
     </span>
    </p>

    <p class='ocr_par' dir='ltr' id='par_1_4' title="bbox 408 668 1177 1068">
     <span class='ocr_line' id='line_1_4' title="bbox 461 668 1175 757; baseline -0.004 -15"><span class='ocrx_word' id='word_1_19' title='bbox 461 675 554 742; x_wconf 85' lang='lat' dir='ltr'><em>Data</em></span> <span class='ocrx_word' id='word_1_20' title='bbox 588 671 643 740; x_wconf 86' lang='lat' dir='ltr'><em>Vl.</em></span> <span class='ocrx_word' id='word_1_21' title='bbox 669 668 747 740; x_wconf 86' lang='lat' dir='ltr'><em>ldns</em></span> <span class='ocrx_word' id='word_1_22' title='bbox 771 668 957 757; x_wconf 76' lang='lat' dir='ltr'><em>Ianuarii,</em></span> <span class='ocrx_word' id='word_1_23' title='bbox 983 675 1086 740; x_wconf 73' lang='lat' dir='ltr'><em>Anno</em></span> <span class='ocrx_word' id='word_1_24' title='bbox 1120 672 1175 741; x_wconf 84' lang='lat' dir='ltr'><em>ln·</em></span> 
     </span>
     <span class='ocr_line' id='line_1_5' title="bbox 411 767 1173 842; baseline 0 -1"><span class='ocrx_word' id='word_1_25' title='bbox 411 769 604 842; x_wconf 73' lang='lat' dir='ltr'><em>carnationis</em></span> <span class='ocrx_word' id='word_1_26' title='bbox 639 767 759 840; x_wconf 79' lang='lat' dir='ltr'><em>Donnin</em></span> <span class='ocrx_word' id='word_1_27' title='bbox 794 771 1055 842; x_wconf 82' lang='lat' dir='ltr'><em>DCCCLXXX.</em></span> <span class='ocrx_word' id='word_1_28' title='bbox 1085 768 1173 842; x_wconf 84' lang='lat' dir='ltr'><em>Indi·</em></span> 
     </span>
     <span class='ocr_line' id='line_1_6' title="bbox 408 870 1177 968; baseline 0.003 -28"><span class='ocrx_word' id='word_1_29' title='bbox 408 871 510 942; x_wconf 72' lang='lat' dir='ltr'><em>Hionc</em></span> <span class='ocrx_word' id='word_1_30' title='bbox 545 873 639 944; x_wconf 86' lang='lat' dir='ltr'><em>Xlll.</em></span> <span class='ocrx_word' id='word_1_31' title='bbox 665 876 768 942; x_wconf 75' lang='lat' dir='ltr'><em>Anno</em></span> <span class='ocrx_word' id='word_1_32' title='bbox 802 895 877 941; x_wconf 86' lang='lat' dir='ltr'><em>vero</em></span> <span class='ocrx_word' id='word_1_33' title='bbox 902 870 1013 966; x_wconf 87' lang='lat' dir='ltr'><em>Regni</em></span> <span class='ocrx_word' id='word_1_34' title='bbox 1044 871 1177 968; x_wconf 82' lang='lat' dir='ltr'><em>piiffiani</em></span> 
     </span>
     <span class='ocr_line' id='line_1_7' title="bbox 410 970 989 1068; baseline 0.002 -24"><span class='ocrx_word' id='word_1_35' title='bbox 410 971 528 1044; x_wconf 82' lang='lat' dir='ltr'><em>Koroli</em></span> <span class='ocrx_word' id='word_1_36' title='bbox 553 970 656 1068; x_wconf 88' lang='lat' dir='ltr'><em>Regis</em></span> <span class='ocrx_word' id='word_1_37' title='bbox 682 970 716 1042; x_wconf 93' lang='lat' dir='ltr'><em>in</em></span> <span class='ocrx_word' id='word_1_38' title='bbox 742 971 845 1044; x_wconf 84' lang='lat' dir='ltr'><em>ltalia</em></span> <span class='ocrx_word' id='word_1_39' title='bbox 866 974 989 1068; x_wconf 84' lang='lat' dir='ltr'><em>primo.</em></span> 
     </span>
    </p>

    <p class='ocr_par' dir='ltr' id='par_1_5' title="bbox 410 1071 1175 1265">
     <span class='ocr_line' id='line_1_8' title="bbox 459 1071 1175 1172; baseline 0 -28"><span class='ocrx_word' id='word_1_40' title='bbox 459 1071 584 1144; x_wconf 61' lang='lat' dir='ltr'><em>Anum</em></span> <span class='ocrx_word' id='word_1_41' title='bbox 621 1071 723 1168; x_wconf 81' lang='lat' dir='ltr'><em>Papio</em></span> <span class='ocrx_word' id='word_1_42' title='bbox 758 1073 793 1144; x_wconf 93' lang='lat' dir='ltr'><em>in</em></span> <span class='ocrx_word' id='word_1_43' title='bbox 822 1073 954 1146; x_wconf 84' lang='lat' dir='ltr'><em>Palatio</em></span> <span class='ocrx_word' id='word_1_44' title='bbox 988 1074 1113 1172; x_wconf 82' lang='lat' dir='ltr'><em>Regis,</em></span> <span class='ocrx_word' id='word_1_45' title='bbox 1140 1074 1175 1144; x_wconf 86' lang='lat' dir='ltr'><em>in</em></span> 
     </span>
     <span class='ocr_line' id='line_1_9' title="bbox 410 1172 957 1265; baseline -0.002 -16"><span class='ocrx_word' id='word_1_46' title='bbox 410 1174 477 1249; x_wconf 85' lang='lat' dir='ltr'><em>Dei</em></span> <span class='ocrx_word' id='word_1_47' title='bbox 502 1172 625 1245; x_wconf 84' lang='lat' dir='ltr'><em>nomine</em></span> <span class='ocrx_word' id='word_1_48' title='bbox 644 1173 801 1265; x_wconf 71' lang='lat' dir='ltr'><em>feliciter.</em></span> <span class='ocrx_word' id='word_1_49' title='bbox 827 1181 957 1248; x_wconf 73' lang='lat' dir='ltr'><em>Amen.</em></span> 
     </span>
    </p>
   </div>
   <div class='ocr_carea' id='block_1_4' title="bbox 462 1271 1175 1374">
    <p class='ocr_par' dir='ltr' id='par_1_6' title="bbox 462 1271 1175 1374">
     <span class='ocr_line' id='line_1_10' title="bbox 462 1271 1175 1374; baseline 0.003 -26"><span class='ocrx_word' id='word_1_50' title='bbox 462 1279 596 1348; x_wconf 88' lang='lat' dir='ltr'><em>Datum</em></span> <span class='ocrx_word' id='word_1_51' title='bbox 623 1271 740 1374; x_wconf 75' lang='lat' dir='ltr'><em>scripsi</em></span> <span class='ocrx_word' id='word_1_52' title='bbox 769 1275 940 1374; x_wconf 85' lang='lat' dir='ltr'><em>Diplonaa</em></span> <span class='ocrx_word' id='word_1_53' title='bbox 967 1279 1076 1351; x_wconf 86' lang='lat' dir='ltr'><em>Anno</em></span> <span class='ocrx_word' id='word_1_54' title='bbox 1105 1275 1175 1352; x_wconf 89' lang='lat' dir='ltr'><em>Cb.</em></span> 
     </span>
    </p>
   </div>
   <div class='ocr_carea' id='block_1_5' title="bbox 1261 557 2034 1372">
    <p class='ocr_par' dir='ltr' id='par_1_7' title="bbox 1261 557 2034 1372">
     <span class='ocr_line' id='line_1_11' title="bbox 1261 557 2034 650; baseline -0.01 -17"><span class='ocrx_word' id='word_1_55' title='bbox 1261 559 1557 650; x_wconf 84' lang='lat' dir='ltr'><em>fienli.1’erboc</em></span> <span class='ocrx_word' id='word_1_56' title='bbox 1582 560 1735 634; x_wconf 90' lang='lat' dir='ltr'><em>nollrum</em></span> <span class='ocrx_word' id='word_1_57' title='bbox 1759 559 1863 633; x_wconf 84' lang='lat' dir='ltr'><em>alteri</em></span> <span class='ocrx_word' id='word_1_58' title='bbox 1886 559 1944 634; x_wconf 88' lang='lat' dir='ltr'><em>illi</em></span> <span class='ocrx_word' id='word_1_59' title='bbox 1966 557 2034 634; x_wconf 83' lang='lat' dir='ltr'><em>Di·</em></span> 
     </span>
     <span class='ocr_line' id='line_1_12' title="bbox 1269 661 2033 762; baseline -0.001 -25"><span class='ocrx_word' id='word_1_60' title='bbox 1269 662 1420 762; x_wconf 81' lang='lat' dir='ltr'><em>plumati</em></span> <span class='ocrx_word' id='word_1_61' title='bbox 1457 663 1579 737; x_wconf 82' lang='lat' dir='ltr'><em>lux&amp;</em></span> <span class='ocrx_word' id='word_1_62' title='bbox 1607 661 1693 737; x_wconf 86' lang='lat' dir='ltr'><em>fides</em></span> <span class='ocrx_word' id='word_1_63' title='bbox 1729 661 1842 762; x_wconf 81' lang='lat' dir='ltr'><em>major</em></span> <span class='ocrx_word' id='word_1_64' title='bbox 1871 661 2033 762; x_wconf 81' lang='lat' dir='ltr'><em>adjungi·</em></span> 
     </span>
     <span class='ocr_line' id='line_1_13' title="bbox 1270 762 2032 863; baseline -0.003 -25"><span class='ocrx_word' id='word_1_65' title='bbox 1270 783 1346 840; x_wconf 89' lang='lat' dir='ltr'><em>tur.</em></span> <span class='ocrx_word' id='word_1_66' title='bbox 1368 763 1404 838; x_wconf 85' lang='lat' dir='ltr'><em>Si</em></span> <span class='ocrx_word' id='word_1_67' title='bbox 1428 763 1525 838; x_wconf 85' lang='lat' dir='ltr'><em>enim</em></span> <span class='ocrx_word' id='word_1_68' title='bbox 1545 767 1725 838; x_wconf 79' lang='lat' dir='ltr'><em>Comitatus</em></span> <span class='ocrx_word' id='word_1_69' title='bbox 1746 763 1880 835; x_wconf 75' lang='lat' dir='ltr'><em>Brixiae</em></span> <span class='ocrx_word' id='word_1_70' title='bbox 1898 762 1932 836; x_wconf 94' lang='lat' dir='ltr'><em>se</em></span> <span class='ocrx_word' id='word_1_71' title='bbox 1952 789 2032 863; x_wconf 88' lang='lat' dir='ltr'><em>pro·</em></span> 
     </span>
     <span class='ocr_line' id='line_1_14' title="bbox 1270 862 2031 986; baseline -0.001 -47"><span class='ocrx_word' id='word_1_72' title='bbox 1270 866 1433 986; x_wconf 76' lang='lat' dir='ltr'><em>tendebat</em></span> <span class='ocrx_word' id='word_1_73' title='bbox 1472 867 1644 984; x_wconf 58' lang='lat' dir='ltr'><em>sonariam</em></span> <span class='ocrx_word' id='word_1_74' title='bbox 1684 864 1816 984; x_wconf 83' lang='lat' dir='ltr'><em>usque,</em></span> <span class='ocrx_word' id='word_1_75' title='bbox 1854 862 2031 938; x_wconf 87' lang='lat' dir='ltr'><em>ditionem</em></span> 
     </span>
     <span class='ocr_line' id='line_1_15' title="bbox 1268 966 2034 1168; baseline -0.003 -25"><span class='ocrx_word' id='word_1_76' title='bbox 1268 969 1489 1144; x_wconf 62' lang='lat' dir='ltr'><em>{zmlt&#39;llt‘</em></span> <span class='ocrx_word' id='word_1_77' title='bbox 1503 966 2034 1168; x_wconf 57' lang='lat' dir='ltr'><em>llllfe‘ilzllllcltl</em></span> 
     </span>
     <span class='ocr_line' id='line_1_16' title="bbox 1269 1167 2033 1266; baseline -0.009 -20"><span class='ocrx_word' id='word_1_78' title='bbox 1269 1171 1441 1263; x_wconf 88' lang='lat' dir='ltr'><em>Callella,</em></span> <span class='ocrx_word' id='word_1_79' title='bbox 1459 1169 1583 1244; x_wconf 85' lang='lat' dir='ltr'><em>nostris</em></span> <span class='ocrx_word' id='word_1_80' title='bbox 1607 1197 1678 1245; x_wconf 86' lang='lat' dir='ltr'><em>non</em></span> <span class='ocrx_word' id='word_1_81' title='bbox 1704 1167 1821 1243; x_wconf 88' lang='lat' dir='ltr'><em>minus</em></span> <span class='ocrx_word' id='word_1_82' title='bbox 1845 1193 1951 1266; x_wconf 87' lang='lat' dir='ltr'><em>quam</em></span> <span class='ocrx_word' id='word_1_83' title='bbox 1970 1193 2033 1240; x_wconf 85' lang='lat' dir='ltr'><em>an·</em></span> 
     </span>
     <span class='ocr_line' id='line_1_17' title="bbox 1269 1266 2029 1372; baseline -0.004 -27"><span class='ocrx_word' id='word_1_84' title='bbox 1269 1271 1382 1368; x_wconf 85' lang='lat' dir='ltr'><em>tiquis</em></span> <span class='ocrx_word' id='word_1_85' title='bbox 1407 1273 1626 1372; x_wconf 82' lang='lat' dir='ltr'><em>temporibus</em></span> <span class='ocrx_word' id='word_1_86' title='bbox 1662 1274 1754 1346; x_wconf 87' lang='lat' dir='ltr'><em>ultra</em></span> <span class='ocrx_word' id='word_1_87' title='bbox 1782 1271 1914 1345; x_wconf 86' lang='lat' dir='ltr'><em>Padum</em></span> <span class='ocrx_word' id='word_1_88' title='bbox 1945 1266 2029 1343; x_wconf 79' lang='lat' dir='ltr'><em>fita?</em></span> 
     </span>
    </p>
   </div>
   <div class='ocr_carea' id='block_1_6' title="bbox 410 1371 2032 1478">
    <p class='ocr_par' dir='ltr' id='par_1_8' title="bbox 410 1371 2032 1478">
     <span class='ocr_line' id='line_1_18' title="bbox 410 1371 2032 1478; baseline -0.003 -30"><span class='ocrx_word' id='word_1_89' title='bbox 410 1379 718 1452; x_wconf 77' lang='lat' dir='ltr'><em>Dcchxxlx.</em></span> <span class='ocrx_word' id='word_1_90' title='bbox 738 1402 953 1476; x_wconf 86' lang='lat' dir='ltr'><em>quamquam</em></span> <span class='ocrx_word' id='word_1_91' title='bbox 978 1375 1057 1454; x_wconf 93' lang='lat' dir='ltr'><em>heic</em></span> <span class='ocrx_word' id='word_1_92' title='bbox 1082 1379 1170 1478; x_wconf 87' lang='lat' dir='ltr'><em>lega·</em></span> <span class='ocrx_word' id='word_1_93' title='bbox 1206 1375 1234 1445; x_wconf 89' lang='grc' dir='ltr'>Β</span> <span class='ocrx_word' id='word_1_94' title='bbox 1269 1374 1366 1448; x_wconf 87' lang='lat' dir='ltr'><em>Hinc</em></span> <span class='ocrx_word' id='word_1_95' title='bbox 1401 1399 1484 1476; x_wconf 86' lang='lat' dir='ltr'><em>ergo</em></span> <span class='ocrx_word' id='word_1_96' title='bbox 1509 1371 1611 1448; x_wconf 80' lang='lat' dir='ltr'><em>semul</em></span> <span class='ocrx_word' id='word_1_97' title='bbox 1646 1371 1845 1458; x_wconf 85' lang='lat' dir='ltr'><em>discamus,</em></span> <span class='ocrx_word' id='word_1_98' title='bbox 1874 1397 1964 1470; x_wconf 85' lang='lat' dir='ltr'><em>quae</em></span> <span class='ocrx_word' id='word_1_99' title='bbox 1992 1397 2032 1444; x_wconf 87' lang='lat' dir='ltr'><em>o·</em></span> 
     </span>
    </p>
   </div>
   <div class='ocr_carea' id='block_1_7' title="bbox 408 1475 1176 2286">
    <p class='ocr_par' dir='ltr' id='par_1_9' title="bbox 408 1475 1176 2286">
     <span class='ocr_line' id='line_1_19' title="bbox 411 1475 1176 1580; baseline 0.005 -30"><span class='ocrx_word' id='word_1_100' title='bbox 411 1495 470 1550; x_wconf 91' lang='lat' dir='ltr'><em>tur</em></span> <span class='ocrx_word' id='word_1_101' title='bbox 505 1475 736 1572; x_wconf 87' lang='lat' dir='ltr'><em>subsequens.</em></span> <span class='ocrx_word' id='word_1_102' title='bbox 782 1481 837 1552; x_wconf 85' lang='lat' dir='ltr'><em>Eo</em></span> <span class='ocrx_word' id='word_1_103' title='bbox 872 1479 1004 1580; x_wconf 87' lang='lat' dir='ltr'><em>quippe</em></span> <span class='ocrx_word' id='word_1_104' title='bbox 1039 1481 1176 1580; x_wconf 78' lang='lat' dir='ltr'><em>Anno,</em></span> 
     </span>
     <span class='ocr_line' id='line_1_20' title="bbox 409 1577 1173 1672; baseline -0.005 -20"><span class='ocrx_word' id='word_1_105' title='bbox 409 1577 467 1652; x_wconf 92' lang='lat' dir='ltr'><em>die</em></span> <span class='ocrx_word' id='word_1_106' title='bbox 505 1581 560 1651; x_wconf 81' lang='lat' dir='ltr'><em>Vl.</em></span> <span class='ocrx_word' id='word_1_107' title='bbox 587 1582 664 1651; x_wconf 86' lang='lat' dir='ltr'><em>ldns</em></span> <span class='ocrx_word' id='word_1_108' title='bbox 681 1581 844 1672; x_wconf 84' lang='lat' dir='ltr'><em>Jannarii</em></span> <span class='ocrx_word' id='word_1_109' title='bbox 869 1581 1072 1656; x_wconf 81' lang='lat' dir='ltr'><em>decurrebat</em></span> <span class='ocrx_word' id='word_1_110' title='bbox 1098 1587 1173 1655; x_wconf 70' lang='lat' dir='ltr'><em>Aa.</em></span> 
     </span>
     <span class='ocr_line' id='line_1_21' title="bbox 409 1679 1173 1782; baseline 0.005 -30"><span class='ocrx_word' id='word_1_111' title='bbox 409 1704 470 1752; x_wconf 90' lang='lat' dir='ltr'><em>nns</em></span> <span class='ocrx_word' id='word_1_112' title='bbox 506 1679 633 1751; x_wconf 83' lang='lat' dir='ltr'><em>Primus</em></span> <span class='ocrx_word' id='word_1_113' title='bbox 669 1681 783 1782; x_wconf 83' lang='lat' dir='ltr'><em>Regni</em></span> <span class='ocrx_word' id='word_1_114' title='bbox 817 1681 941 1758; x_wconf 86' lang='lat' dir='ltr'><em>Caroli</em></span> <span class='ocrx_word' id='word_1_115' title='bbox 978 1679 1112 1773; x_wconf 85' lang='lat' dir='ltr'><em>Craffi,</em></span> <span class='ocrx_word' id='word_1_116' title='bbox 1138 1685 1173 1756; x_wconf 78' lang='lat' dir='ltr'><em>dt</em></span> 
     </span>
     <span class='ocr_line' id='line_1_22' title="bbox 408 1779 1176 1882; baseline 0.004 -27"><span class='ocrx_word' id='word_1_117' title='bbox 408 1779 549 1855; x_wconf 77' lang='lat' dir='ltr'><em>lndillio</em></span> <span class='ocrx_word' id='word_1_118' title='bbox 575 1785 669 1855; x_wconf 77' lang='lat' dir='ltr'><em>Xlll.</em></span> <span class='ocrx_word' id='word_1_119' title='bbox 701 1780 739 1856; x_wconf 93' lang='lat' dir='ltr'><em>in</em></span> <span class='ocrx_word' id='word_1_120' title='bbox 779 1781 878 1858; x_wconf 88' lang='lat' dir='ltr'><em>cursu</em></span> <span class='ocrx_word' id='word_1_121' title='bbox 912 1784 979 1860; x_wconf 85' lang='lat' dir='ltr'><em>else</em></span> <span class='ocrx_word' id='word_1_122' title='bbox 1015 1803 1176 1882; x_wconf 85' lang='lat' dir='ltr'><em>coeperat</em></span> 
     </span>
     <span class='ocr_line' id='line_1_23' title="bbox 409 1881 1174 1981; baseline 0.001 -24"><span class='ocrx_word' id='word_1_123' title='bbox 409 1881 606 1981; x_wconf 86' lang='lat' dir='ltr'><em>Septembri</em></span> <span class='ocrx_word' id='word_1_124' title='bbox 635 1883 771 1958; x_wconf 89' lang='lat' dir='ltr'><em>mense.</em></span> <span class='ocrx_word' id='word_1_125' title='bbox 804 1887 931 1960; x_wconf 84' lang='lat' dir='ltr'><em>Annus</em></span> <span class='ocrx_word' id='word_1_126' title='bbox 967 1904 1085 1962; x_wconf 87' lang='lat' dir='ltr'><em>autem</em></span> <span class='ocrx_word' id='word_1_127' title='bbox 1113 1913 1174 1960; x_wconf 88' lang='lat' dir='ltr'><em>uo·</em></span> 
     </span>
     <span class='ocr_line' id='line_1_24' title="bbox 408 1982 1176 2064; baseline 0.01 -9"><span class='ocrx_word' id='word_1_128' title='bbox 408 2009 475 2058; x_wconf 81' lang='lat' dir='ltr'><em>vua</em></span> <span class='ocrx_word' id='word_1_129' title='bbox 514 1983 700 2060; x_wconf 81' lang='lat' dir='ltr'><em>exordium</em></span> <span class='ocrx_word' id='word_1_130' title='bbox 740 1982 858 2060; x_wconf 86' lang='lat' dir='ltr'><em>sumlit</em></span> <span class='ocrx_word' id='word_1_131' title='bbox 893 1986 933 2061; x_wconf 91' lang='lat' dir='ltr'><em>in</em></span> <span class='ocrx_word' id='word_1_132' title='bbox 970 1986 1176 2064; x_wconf 86' lang='lat' dir='ltr'><em>Nativitate</em></span> 
     </span>
     <span class='ocr_line' id='line_1_25' title="bbox 408 2083 1170 2187; baseline 0.009 -29"><span class='ocrx_word' id='word_1_133' title='bbox 408 2083 588 2158; x_wconf 88' lang='lat' dir='ltr'><em>Domini.</em></span> <span class='ocrx_word' id='word_1_134' title='bbox 628 2089 752 2180; x_wconf 90' lang='lat' dir='ltr'><em>Quum</em></span> <span class='ocrx_word' id='word_1_135' title='bbox 790 2113 873 2162; x_wconf 89' lang='lat' dir='ltr'><em>vero</em></span> <span class='ocrx_word' id='word_1_136' title='bbox 909 2085 1009 2187; x_wconf 89' lang='lat' dir='ltr'><em>supra</em></span> <span class='ocrx_word' id='word_1_137' title='bbox 1043 2089 1170 2164; x_wconf 85' lang='lat' dir='ltr'><em>videri·</em></span> 
     </span>
     <span class='ocr_line' id='line_1_26' title="bbox 409 2185 1171 2286; baseline 0.007 -28"><span class='ocrx_word' id='word_1_138' title='bbox 409 2211 511 2272; x_wconf 87' lang='lat' dir='ltr'><em>mus,</em></span> <span class='ocrx_word' id='word_1_139' title='bbox 538 2188 738 2258; x_wconf 79' lang='lat' dir='ltr'><em>Boderadeens</em></span> <span class='ocrx_word' id='word_1_140' title='bbox 763 2185 868 2286; x_wconf 84' lang='lat' dir='ltr'><em>egille</em></span> <span class='ocrx_word' id='word_1_141' title='bbox 895 2191 1049 2261; x_wconf 78' lang='lat' dir='ltr'><em>Comitem</em></span> <span class='ocrx_word' id='word_1_142' title='bbox 1073 2194 1171 2263; x_wconf 81' lang='lat' dir='ltr'><em>Pala·</em></span> 
     </span>
    </p>
   </div>
   <div class='ocr_carea' id='block_1_8' title="bbox 1267 1471 2032 2276">
    <p class='ocr_par' dir='ltr' id='par_1_10' title="bbox 1267 1471 2032 2276">
     <span class='ocr_line' id='line_1_27' title="bbox 1267 1471 2032 1572; baseline 0 -24"><span class='ocrx_word' id='word_1_143' title='bbox 1267 1477 1333 1549; x_wconf 89' lang='lat' dir='ltr'><em>lim</em></span> <span class='ocrx_word' id='word_1_144' title='bbox 1360 1473 1452 1550; x_wconf 84' lang='lat' dir='ltr'><em>soret</em></span> <span class='ocrx_word' id='word_1_145' title='bbox 1478 1476 1683 1552; x_wconf 79' lang='lat' dir='ltr'><em>Comitatus</em></span> <span class='ocrx_word' id='word_1_146' title='bbox 1713 1471 1876 1548; x_wconf 82' lang='lat' dir='ltr'><em>Brixiani</em></span> <span class='ocrx_word' id='word_1_147' title='bbox 1903 1472 2032 1572; x_wconf 87' lang='lat' dir='ltr'><em>ampli·</em></span> 
     </span>
     <span class='ocr_line' id='line_1_28' title="bbox 1268 1572 2028 1676; baseline -0.004 -26"><span class='ocrx_word' id='word_1_148' title='bbox 1268 1577 1376 1668; x_wconf 89' lang='lat' dir='ltr'><em>tudo,</em></span> <span class='ocrx_word' id='word_1_149' title='bbox 1402 1579 1438 1652; x_wconf 80' lang='grc' dir='ltr'><em>δι</em></span> <span class='ocrx_word' id='word_1_150' title='bbox 1464 1595 1554 1676; x_wconf 91' lang='lat' dir='ltr'><em>quot</em></span> <span class='ocrx_word' id='word_1_151' title='bbox 1581 1601 1696 1653; x_wconf 88' lang='lat' dir='ltr'><em>rerum</em></span> <span class='ocrx_word' id='word_1_152' title='bbox 1727 1573 1943 1650; x_wconf 79' lang='lat' dir='ltr'><em>mutationes</em></span> <span class='ocrx_word' id='word_1_153' title='bbox 1970 1572 2028 1649; x_wconf 88' lang='lat' dir='ltr'><em>vel</em></span> 
     </span>
     <span class='ocr_line' id='line_1_29' title="bbox 1268 1673 2031 1778; baseline -0.005 -24"><span class='ocrx_word' id='word_1_154' title='bbox 1268 1679 1306 1754; x_wconf 89' lang='lat' dir='ltr'><em>in</em></span> <span class='ocrx_word' id='word_1_155' title='bbox 1333 1677 1407 1778; x_wconf 89' lang='lat' dir='ltr'><em>ipsa</em></span> <span class='ocrx_word' id='word_1_156' title='bbox 1433 1677 1573 1754; x_wconf 84' lang='lat' dir='ltr'><em>telluris</em></span> <span class='ocrx_word' id='word_1_157' title='bbox 1599 1673 1779 1778; x_wconf 85' lang='lat' dir='ltr'><em>superficie</em></span> <span class='ocrx_word' id='word_1_158' title='bbox 1809 1695 1948 1772; x_wconf 83' lang='lat' dir='ltr'><em>tempus</em></span> <span class='ocrx_word' id='word_1_159' title='bbox 1975 1675 2031 1750; x_wconf 86' lang='lat' dir='ltr'><em>ia·</em></span> 
     </span>
     <span class='ocr_line' id='line_1_30' title="bbox 1271 1775 2030 1881; baseline -0.004 -27"><span class='ocrx_word' id='word_1_160' title='bbox 1271 1779 1431 1874; x_wconf 83' lang='lat' dir='ltr'><em>vexerit,</em></span> <span class='ocrx_word' id='word_1_161' title='bbox 1453 1807 1563 1881; x_wconf 89' lang='lat' dir='ltr'><em>quum</em></span> <span class='ocrx_word' id='word_1_162' title='bbox 1587 1781 1701 1854; x_wconf 82' lang='lat' dir='ltr'><em>l’adus</em></span> <span class='ocrx_word' id='word_1_163' title='bbox 1723 1775 1813 1852; x_wconf 90' lang='lat' dir='ltr'><em>olim</em></span> <span class='ocrx_word' id='word_1_164' title='bbox 1838 1778 1890 1852; x_wconf 88' lang='lat' dir='ltr'><em>ita</em></span> <span class='ocrx_word' id='word_1_165' title='bbox 1909 1777 2030 1852; x_wconf 85' lang='lat' dir='ltr'><em>decur-</em></span> 
     </span>
     <span class='ocr_line' id='line_1_31' title="bbox 1268 1879 2031 1974; baseline -0.004 -17"><span class='ocrx_word' id='word_1_166' title='bbox 1268 1898 1381 1974; x_wconf 86' lang='lat' dir='ltr'><em>reret,</em></span> <span class='ocrx_word' id='word_1_167' title='bbox 1407 1901 1448 1956; x_wconf 94' lang='lat' dir='ltr'><em>ut</em></span> <span class='ocrx_word' id='word_1_168' title='bbox 1474 1881 1682 1958; x_wconf 85' lang='lat' dir='ltr'><em>descendens</em></span> <span class='ocrx_word' id='word_1_169' title='bbox 1715 1879 1895 1955; x_wconf 87' lang='lat' dir='ltr'><em>Suzariam</em></span> <span class='ocrx_word' id='word_1_170' title='bbox 1921 1879 2031 1954; x_wconf 87' lang='lat' dir='ltr'><em>relin-</em></span> 
     </span>
     <span class='ocr_line' id='line_1_32' title="bbox 1267 1980 2031 2082; baseline -0.007 -24"><span class='ocrx_word' id='word_1_171' title='bbox 1267 2002 1390 2082; x_wconf 83' lang='lat' dir='ltr'><em>queret</em></span> <span class='ocrx_word' id='word_1_172' title='bbox 1416 1982 1458 2058; x_wconf 92' lang='lat' dir='ltr'><em>ad</em></span> <span class='ocrx_word' id='word_1_173' title='bbox 1486 1987 1648 2078; x_wconf 83' lang='lat' dir='ltr'><em>laevam,</em></span> <span class='ocrx_word' id='word_1_174' title='bbox 1674 2008 1762 2082; x_wconf 86' lang='lat' dir='ltr'><em>quae</em></span> <span class='ocrx_word' id='word_1_175' title='bbox 1798 2007 1891 2054; x_wconf 87' lang='lat' dir='ltr'><em>nunc</em></span> <span class='ocrx_word' id='word_1_176' title='bbox 1926 1980 1969 2054; x_wconf 91' lang='lat' dir='ltr'><em>ad</em></span> <span class='ocrx_word' id='word_1_177' title='bbox 1995 2007 2031 2055; x_wconf 89' lang='lat' dir='ltr'><em>e·</em></span> 
     </span>
     <span class='ocr_line' id='line_1_33' title="bbox 1267 2084 2031 2186; baseline -0.003 -28"><span class='ocrx_word' id='word_1_178' title='bbox 1267 2087 1322 2186; x_wconf 73' lang='lat' dir='ltr'><em>jus</em></span> <span class='ocrx_word' id='word_1_179' title='bbox 1346 2084 1550 2176; x_wconf 82' lang='lat' dir='ltr'><em>dexteram,</em></span> <span class='ocrx_word' id='word_1_180' title='bbox 1579 2085 1785 2184; x_wconf 87' lang='lat' dir='ltr'><em>&amp;quidem</em></span> <span class='ocrx_word' id='word_1_181' title='bbox 1815 2084 1859 2157; x_wconf 87' lang='lat' dir='ltr'><em>ab</em></span> <span class='ocrx_word' id='word_1_182' title='bbox 1889 2109 2031 2160; x_wconf 85' lang='lat' dir='ltr'><em>eonon</em></span> 
     </span>
     <span class='ocr_line' id='line_1_34' title="bbox 1268 2184 2029 2276; baseline -0.001 -18"><span class='ocrx_word' id='word_1_183' title='bbox 1268 2185 1447 2261; x_wconf 90' lang='lat' dir='ltr'><em>modicum</em></span> <span class='ocrx_word' id='word_1_184' title='bbox 1474 2185 1624 2276; x_wconf 80' lang='lat' dir='ltr'><em>distans,</em></span> <span class='ocrx_word' id='word_1_185' title='bbox 1649 2184 1825 2260; x_wconf 84' lang='lat' dir='ltr'><em>cernitur.</em></span> <span class='ocrx_word' id='word_1_186' title='bbox 1861 2189 2029 2259; x_wconf 88' lang='lat' dir='ltr'><em>Ceterum</em></span> 
     </span>
    </p>
   </div>
   <div class='ocr_carea' id='block_1_9' title="bbox 408 2285 2031 2386">
    <p class='ocr_par' dir='ltr' id='par_1_11' title="bbox 408 2285 2031 2386">
     <span class='ocr_line' id='line_1_35' title="bbox 408 2285 2031 2386; baseline 0.001 -28"><span class='ocrx_word' id='word_1_187' title='bbox 408 2287 452 2358; x_wconf 83' lang='lat' dir='ltr'><em>tii</em></span> <span class='ocrx_word' id='word_1_188' title='bbox 477 2286 589 2359; x_wconf 83' lang='lat' dir='ltr'><em>Anno</em></span> <span class='ocrx_word' id='word_1_189' title='bbox 623 2286 693 2362; x_wconf 87' lang='lat' dir='ltr'><em>Cb.</em></span> <span class='ocrx_word' id='word_1_190' title='bbox 721 2290 1028 2366; x_wconf 80' lang='lat' dir='ltr'><em>occhxxvr.</em></span> <span class='ocrx_word' id='word_1_191' title='bbox 1053 2294 1089 2366; x_wconf 77' lang='grc' dir='ltr'><em>δι</em></span> <span class='ocrx_word' id='word_1_192' title='bbox 1115 2318 1172 2366; x_wconf 90' lang='lat' dir='ltr'><em>eo·</em></span> <span class='ocrx_word' id='word_1_193' title='bbox 1204 2299 1235 2368; x_wconf 88' lang='lat' dir='ltr'>C</span> <span class='ocrx_word' id='word_1_194' title='bbox 1268 2286 1358 2362; x_wconf 92' lang='lat' dir='ltr'><em>olim</em></span> <span class='ocrx_word' id='word_1_195' title='bbox 1395 2288 1520 2380; x_wconf 80' lang='lat' dir='ltr'><em>lnsnlae</em></span> <span class='ocrx_word' id='word_1_196' title='bbox 1555 2287 1700 2363; x_wconf 86' lang='lat' dir='ltr'><em>nomine</em></span> <span class='ocrx_word' id='word_1_197' title='bbox 1735 2289 1766 2362; x_wconf 87' lang='lat' dir='ltr'><em>is</em></span> <span class='ocrx_word' id='word_1_198' title='bbox 1805 2285 1913 2361; x_wconf 86' lang='lat' dir='ltr'><em>etiam</em></span> <span class='ocrx_word' id='word_1_199' title='bbox 1948 2303 2031 2386; x_wconf 86' lang='lat' dir='ltr'><em>ag&#39;cr</em></span> 
     </span>
    </p>
   </div>
   <div class='ocr_carea' id='block_1_10' title="bbox 409 2385 1175 2468">
    <p class='ocr_par' dir='ltr' id='par_1_12' title="bbox 409 2385 1175 2468">
     <span class='ocr_line' id='line_1_36' title="bbox 409 2385 1175 2468; baseline 0.005 -6"><span class='ocrx_word' id='word_1_200' title='bbox 409 2386 490 2462; x_wconf 90' lang='lat' dir='ltr'><em>dem</em></span> <span class='ocrx_word' id='word_1_201' title='bbox 517 2412 661 2464; x_wconf 86' lang='lat' dir='ltr'><em>munere</em></span> <span class='ocrx_word' id='word_1_202' title='bbox 687 2385 828 2466; x_wconf 76' lang='lat' dir='ltr'><em>sunliua</em></span> <span class='ocrx_word' id='word_1_203' title='bbox 853 2391 957 2466; x_wconf 83' lang='lat' dir='ltr'><em>nobis</em></span> <span class='ocrx_word' id='word_1_204' title='bbox 982 2392 1175 2468; x_wconf 88' lang='lat' dir='ltr'><em>occurrerit</em></span> 
     </span>
    </p>
   </div>
   <div class='ocr_carea' id='block_1_11' title="bbox 407 2488 1176 3190">
    <p class='ocr_par' dir='ltr' id='par_1_13' title="bbox 407 2488 1176 3190">
     <span class='ocr_line' id='line_1_37' title="bbox 408 2488 1172 2570; baseline 0.008 -7"><span class='ocrx_word' id='word_1_205' title='bbox 408 2488 519 2564; x_wconf 87' lang='lat' dir='ltr'><em>etiam</em></span> <span class='ocrx_word' id='word_1_206' title='bbox 560 2492 671 2565; x_wconf 87' lang='lat' dir='ltr'><em>Anao</em></span> <span class='ocrx_word' id='word_1_207' title='bbox 713 2494 1001 2570; x_wconf 71' lang='lat' dir='ltr'><em>Dcccuxxx.</em></span> <span class='ocrx_word' id='word_1_208' title='bbox 1042 2493 1172 2569; x_wconf 91' lang='lat' dir='ltr'><em>mirum</em></span> 
     </span>
     <span class='ocr_line' id='line_1_38' title="bbox 410 2589 1175 2688; baseline 0.01 -26"><span class='ocrx_word' id='word_1_209' title='bbox 410 2589 599 2681; x_wconf 82' lang='lat' dir='ltr'><em>uideatur,</em></span> <span class='ocrx_word' id='word_1_210' title='bbox 624 2590 708 2688; x_wconf 87' lang='lat' dir='ltr'><em>quei</em></span> <span class='ocrx_word' id='word_1_211' title='bbox 733 2595 902 2666; x_wconf 70' lang='lat' dir='ltr'><em>Peneidas</em></span> <span class='ocrx_word' id='word_1_212' title='bbox 935 2594 1016 2670; x_wconf 88' lang='lat' dir='ltr'><em>heic</em></span> <span class='ocrx_word' id='word_1_213' title='bbox 1041 2621 1175 2670; x_wconf 89' lang='lat' dir='ltr'><em>memo-</em></span> 
     </span>
     <span class='ocr_line' id='line_1_39' title="bbox 408 2690 1176 2796; baseline 0.003 -30"><span class='ocrx_word' id='word_1_214' title='bbox 408 2707 506 2766; x_wconf 87' lang='lat' dir='ltr'><em>ratus</em></span> <span class='ocrx_word' id='word_1_215' title='bbox 532 2690 747 2767; x_wconf 89' lang='lat' dir='ltr'><em>intermedio</em></span> <span class='ocrx_word' id='word_1_216' title='bbox 773 2695 841 2768; x_wconf 88' lang='lat' dir='ltr'><em>illo</em></span> <span class='ocrx_word' id='word_1_217' title='bbox 866 2713 1025 2796; x_wconf 89' lang='lat' dir='ltr'><em>tempore</em></span> <span class='ocrx_word' id='word_1_218' title='bbox 1047 2698 1176 2770; x_wconf 78' lang='lat' dir='ltr'><em>Palatii</em></span> 
     </span>
     <span class='ocr_line' id='line_1_40' title="bbox 410 2790 1174 2894; baseline 0.008 -28"><span class='ocrx_word' id='word_1_219' title='bbox 410 2799 520 2866; x_wconf 83' lang='lat' dir='ltr'><em>Canes</em></span> <span class='ocrx_word' id='word_1_220' title='bbox 544 2793 580 2868; x_wconf 76' lang='grc' dir='ltr'><em>δι</em></span> <span class='ocrx_word' id='word_1_221' title='bbox 607 2790 681 2894; x_wconf 89' lang='lat' dir='ltr'><em>ipse</em></span> <span class='ocrx_word' id='word_1_222' title='bbox 706 2791 833 2872; x_wconf 87' lang='lat' dir='ltr'><em>suerit.</em></span> <span class='ocrx_word' id='word_1_223' title='bbox 869 2798 1096 2873; x_wconf 84' lang='lat' dir='ltr'><em>Alterutrum</em></span> <span class='ocrx_word' id='word_1_224' title='bbox 1122 2825 1174 2872; x_wconf 89' lang='lat' dir='ltr'><em>cr·</em></span> 
     </span>
     <span class='ocr_line' id='line_1_41' title="bbox 409 2892 1168 3000; baseline 0.008 -31"><span class='ocrx_word' id='word_1_225' title='bbox 409 2920 457 2998; x_wconf 84' lang='lat' dir='ltr'><em>go</em></span> <span class='ocrx_word' id='word_1_226' title='bbox 478 2892 644 2996; x_wconf 87' lang='lat' dir='ltr'><em>suspicari</em></span> <span class='ocrx_word' id='word_1_227' title='bbox 663 2895 845 2998; x_wconf 81' lang='lat' dir='ltr'><em>cogimur.</em></span> <span class='ocrx_word' id='word_1_228' title='bbox 865 2897 1011 2974; x_wconf 83' lang='lat' dir='ltr'><em>Scilicet</em></span> <span class='ocrx_word' id='word_1_229' title='bbox 1035 2917 1098 2975; x_wconf 87' lang='lat' dir='ltr'><em>aut</em></span> <span class='ocrx_word' id='word_1_230' title='bbox 1115 2927 1168 3000; x_wconf 86' lang='lat' dir='ltr'><em>ge·</em></span> 
     </span>
     <span class='ocr_line' id='line_1_42' title="bbox 409 2995 1173 3080; baseline 0.013 -10"><span class='ocrx_word' id='word_1_231' title='bbox 409 2997 527 3071; x_wconf 84' lang='lat' dir='ltr'><em>minos</em></span> <span class='ocrx_word' id='word_1_232' title='bbox 564 2995 697 3073; x_wconf 89' lang='lat' dir='ltr'><em>Palatii</em></span> <span class='ocrx_word' id='word_1_233' title='bbox 730 2997 894 3075; x_wconf 90' lang='lat' dir='ltr'><em>Comites</em></span> <span class='ocrx_word' id='word_1_234' title='bbox 922 3017 1008 3076; x_wconf 85' lang='lat' dir='ltr'><em>tune</em></span> <span class='ocrx_word' id='word_1_235' title='bbox 1042 3001 1173 3080; x_wconf 67' lang='lat' dir='ltr'><em>eleetos</em></span> 
     </span>
     <span class='ocr_line' id='line_1_43' title="bbox 407 3094 1169 3190; baseline 0.01 -20"><span class='ocrx_word' id='word_1_236' title='bbox 407 3094 532 3190; x_wconf 84' lang='lat' dir='ltr'><em>suilie,</em></span> <span class='ocrx_word' id='word_1_237' title='bbox 557 3116 619 3174; x_wconf 88' lang='lat' dir='ltr'><em>aut</em></span> <span class='ocrx_word' id='word_1_238' title='bbox 654 3098 693 3174; x_wconf 89' lang='lat' dir='ltr'><em>in</em></span> <span class='ocrx_word' id='word_1_239' title='bbox 719 3101 854 3176; x_wconf 86' lang='lat' dir='ltr'><em>Charta</em></span> <span class='ocrx_word' id='word_1_240' title='bbox 890 3102 1040 3178; x_wconf 87' lang='lat' dir='ltr'><em>minime</em></span> <span class='ocrx_word' id='word_1_241' title='bbox 1073 3122 1169 3179; x_wconf 89' lang='lat' dir='ltr'><em>auto·</em></span> 
     </span>
    </p>
   </div>
   <div class='ocr_carea' id='block_1_12' title="bbox 1266 2385 2033 3200">
    <p class='ocr_par' dir='ltr' id='par_1_14' title="bbox 1266 2385 2033 3200">
     <span class='ocr_line' id='line_1_44' title="bbox 1267 2385 2031 2488; baseline -0.003 -26"><span class='ocrx_word' id='word_1_242' title='bbox 1267 2389 1484 2480; x_wconf 79' lang='lat' dir='ltr'><em>donabatur,</em></span> <span class='ocrx_word' id='word_1_243' title='bbox 1509 2415 1615 2488; x_wconf 88' lang='lat' dir='ltr'><em>quem</em></span> <span class='ocrx_word' id='word_1_244' title='bbox 1641 2387 1712 2464; x_wconf 89' lang='lat' dir='ltr'><em>duo</em></span> <span class='ocrx_word' id='word_1_245' title='bbox 1740 2385 1842 2464; x_wconf 88' lang='lat' dir='ltr'><em>fluvii</em></span> <span class='ocrx_word' id='word_1_246' title='bbox 1879 2387 2031 2461; x_wconf 83' lang='lat' dir='ltr'><em>circum-</em></span> 
     </span>
     <span class='ocr_line' id='line_1_45' title="bbox 1266 2485 2027 2590; baseline -0.003 -26"><span class='ocrx_word' id='word_1_247' title='bbox 1266 2489 1437 2590; x_wconf 85' lang='lat' dir='ltr'><em>fluerent;</em></span> <span class='ocrx_word' id='word_1_248' title='bbox 1461 2491 1604 2566; x_wconf 80' lang='lat' dir='ltr'><em>Suzaria</em></span> <span class='ocrx_word' id='word_1_249' title='bbox 1630 2511 1747 2566; x_wconf 86' lang='lat' dir='ltr'><em>autem</em></span> <span class='ocrx_word' id='word_1_250' title='bbox 1776 2489 1826 2563; x_wconf 91' lang='lat' dir='ltr'><em>ibi</em></span> <span class='ocrx_word' id='word_1_251' title='bbox 1849 2485 1908 2560; x_wconf 82' lang='lat' dir='ltr'><em>scta</em></span> <span class='ocrx_word' id='word_1_252' title='bbox 1934 2487 2027 2562; x_wconf 88' lang='lat' dir='ltr'><em>dici·</em></span> 
     </span>
     <span class='ocr_line' id='line_1_46' title="bbox 1267 2586 2026 2688; baseline -0.004 -22"><span class='ocrx_word' id='word_1_253' title='bbox 1267 2611 1325 2666; x_wconf 90' lang='lat' dir='ltr'><em>tur</em></span> <span class='ocrx_word' id='word_1_254' title='bbox 1351 2592 1433 2664; x_wconf 85' lang='lat' dir='ltr'><em>inter</em></span> <span class='ocrx_word' id='word_1_255' title='bbox 1458 2599 1585 2664; x_wconf 80' lang='lat' dir='ltr'><em>Padum</em></span> <span class='ocrx_word' id='word_1_256' title='bbox 1611 2594 1655 2664; x_wconf 67' lang='grc' dir='ltr'><em>δ’</em></span> <span class='ocrx_word' id='word_1_257' title='bbox 1679 2598 1817 2666; x_wconf 86' lang='lat' dir='ltr'><em>Zaran.</em></span> <span class='ocrx_word' id='word_1_258' title='bbox 1839 2586 2026 2688; x_wconf 80' lang='lat' dir='ltr'><em>Ughellius</em></span> 
     </span>
     <span class='ocr_line' id='line_1_47' title="bbox 1266 2691 2032 2791; baseline -0.008 -22"><span class='ocrx_word' id='word_1_259' title='bbox 1266 2695 1305 2769; x_wconf 88' lang='lat' dir='ltr'><em>in</em></span> <span class='ocrx_word' id='word_1_260' title='bbox 1328 2695 1410 2768; x_wconf 88' lang='lat' dir='ltr'><em>Ital.</em></span> <span class='ocrx_word' id='word_1_261' title='bbox 1434 2698 1524 2768; x_wconf 78' lang='lat' dir='ltr'><em>secr.</em></span> <span class='ocrx_word' id='word_1_262' title='bbox 1548 2696 1657 2767; x_wconf 89' lang='lat' dir='ltr'><em>Tom.</em></span> <span class='ocrx_word' id='word_1_263' title='bbox 1678 2714 1711 2786; x_wconf 82' lang='grc' dir='ltr'><em>ς.</em></span> <span class='ocrx_word' id='word_1_264' title='bbox 1739 2719 1815 2791; x_wconf 87' lang='lat' dir='ltr'><em>pag.</em></span> <span class='ocrx_word' id='word_1_265' title='bbox 1845 2691 1954 2783; x_wconf 81' lang='lat'><em>1568.</em></span> <span class='ocrx_word' id='word_1_266' title='bbox 1977 2691 2032 2763; x_wconf 85' lang='lat' dir='ltr'><em>al·</em></span> 
     </span>
     <span class='ocr_line' id='line_1_48' title="bbox 1268 2791 2032 2894; baseline -0.014 -24"><span class='ocrx_word' id='word_1_267' title='bbox 1268 2813 1381 2870; x_wconf 88' lang='lat' dir='ltr'><em>terum</em></span> <span class='ocrx_word' id='word_1_268' title='bbox 1409 2795 1579 2894; x_wconf 89' lang='lat' dir='ltr'><em>Diploma</em></span> <span class='ocrx_word' id='word_1_269' title='bbox 1605 2792 1734 2880; x_wconf 83' lang='lat' dir='ltr'><em>resecr,</em></span> <span class='ocrx_word' id='word_1_270' title='bbox 1759 2817 1830 2888; x_wconf 89' lang='lat' dir='ltr'><em>quo</em></span> <span class='ocrx_word' id='word_1_271' title='bbox 1866 2791 2032 2866; x_wconf 80' lang='lat' dir='ltr'><em>Ludovi.</em></span> 
     </span>
     <span class='ocr_line' id='line_1_49' title="bbox 1268 2889 2032 2998; baseline -0.005 -26"><span class='ocrx_word' id='word_1_272' title='bbox 1268 2924 1327 2972; x_wconf 85' lang='lat' dir='ltr'><em>cus</em></span> <span class='ocrx_word' id='word_1_273' title='bbox 1358 2901 1402 2970; x_wconf 88' lang='lat' dir='ltr'><em>ll.</em></span> <span class='ocrx_word' id='word_1_274' title='bbox 1430 2901 1624 2998; x_wconf 86' lang='lat' dir='ltr'><em>Imperator</em></span> <span class='ocrx_word' id='word_1_275' title='bbox 1660 2891 1825 2966; x_wconf 83' lang='lat' dir='ltr'><em>Rossredo</em></span> <span class='ocrx_word' id='word_1_276' title='bbox 1851 2889 2032 2992; x_wconf 81' lang='lat' dir='ltr'><em>Episcopo</em></span> 
     </span>
     <span class='ocr_line' id='line_1_50' title="bbox 1270 2992 2031 3098; baseline -0.007 -24"><span class='ocrx_word' id='word_1_277' title='bbox 1270 2997 1426 3098; x_wconf 85' lang='lat' dir='ltr'><em>Regienfi</em></span> <span class='ocrx_word' id='word_1_278' title='bbox 1453 2998 1609 3074; x_wconf 88' lang='lat' dir='ltr'><em>eamdem</em></span> <span class='ocrx_word' id='word_1_279' title='bbox 1639 2992 1792 3069; x_wconf 79' lang='lat' dir='ltr'><em>insulam</em></span> <span class='ocrx_word' id='word_1_280' title='bbox 1819 2995 1854 3066; x_wconf 81' lang='grc' dir='ltr'><em>δι</em></span> <span class='ocrx_word' id='word_1_281' title='bbox 1879 2997 2031 3070; x_wconf 88' lang='lat' dir='ltr'><em>Curtem</em></span> 
     </span>
     <span class='ocr_line' id='line_1_51' title="bbox 1268 3098 2033 3200; baseline -0.008 -26"><span class='ocrx_word' id='word_1_282' title='bbox 1268 3100 1417 3200; x_wconf 88' lang='lat' dir='ltr'><em>largitur</em></span> <span class='ocrx_word' id='word_1_283' title='bbox 1451 3100 1507 3175; x_wconf 83' lang='lat' dir='ltr'><em>bis</em></span> <span class='ocrx_word' id='word_1_284' title='bbox 1548 3098 1691 3174; x_wconf 80' lang='lat' dir='ltr'><em>verbis:</em></span> <span class='ocrx_word' id='word_1_285' title='bbox 1729 3122 1810 3194; x_wconf 82' lang='lat' dir='ltr'><em>qnae</em></span> <span class='ocrx_word' id='word_1_286' title='bbox 1848 3098 2033 3170; x_wconf 79' lang='lat' dir='ltr'><em>nominator</em></span> 
     </span>
    </p>
   </div>
   <div class='ocr_carea' id='block_1_13' title="bbox 408 3197 2029 3303">
    <p class='ocr_par' dir='ltr' id='par_1_15' title="bbox 408 3197 2029 3303">
     <span class='ocr_line' id='line_1_52' title="bbox 408 3197 2029 3303; baseline 0.006 -31"><span class='ocrx_word' id='word_1_287' title='bbox 408 3199 539 3300; x_wconf 83' lang='lat' dir='ltr'><em>grapha</em></span> <span class='ocrx_word' id='word_1_288' title='bbox 567 3198 728 3301; x_wconf 79' lang='lat' dir='ltr'><em>Regionis</em></span> <span class='ocrx_word' id='word_1_289' title='bbox 754 3223 959 3303; x_wconf 88' lang='lat' dir='ltr'><em>corruptum</em></span> <span class='ocrx_word' id='word_1_290' title='bbox 985 3204 1086 3280; x_wconf 79' lang='lat' dir='ltr'><em>suillo</em></span> <span class='ocrx_word' id='word_1_291' title='bbox 1111 3231 1172 3279; x_wconf 90' lang='lat' dir='ltr'><em>no·</em></span> <span class='ocrx_word' id='word_1_292' title='bbox 1205 3201 1238 3268; x_wconf 89' lang='lat' dir='ltr'>D</span> <span class='ocrx_word' id='word_1_293' title='bbox 1264 3203 1407 3297; x_wconf 52' lang='lat' dir='ltr'><em>rozeria</em></span> <span class='ocrx_word' id='word_1_294' title='bbox 1441 3203 1476 3274; x_wconf 86' lang='lat' dir='ltr'><em>in</em></span> <span class='ocrx_word' id='word_1_295' title='bbox 1510 3203 1674 3274; x_wconf 87' lang='lat' dir='ltr'><em>Comitarn</em></span> <span class='ocrx_word' id='word_1_296' title='bbox 1708 3197 1872 3282; x_wconf 76' lang='lat' dir='ltr'><em>Brinienfi</em></span> <span class='ocrx_word' id='word_1_297' title='bbox 1885 3252 1895 3271; x_wconf 90' lang='lat'><strong>·</strong></span> <span class='ocrx_word' id='word_1_298' title='bbox 1930 3200 2029 3272; x_wconf 75' lang='lat' dir='ltr'><em>Tum</em></span> 
     </span>
    </p>
   </div>
   <div class='ocr_carea' id='block_1_14' title="bbox 409 3299 1178 4114">
    <p class='ocr_par' dir='ltr' id='par_1_16' title="bbox 409 3299 1178 4114">
     <span class='ocr_line' id='line_1_53' title="bbox 410 3299 1174 3406; baseline 0.012 -34"><span class='ocrx_word' id='word_1_299' title='bbox 410 3326 493 3374; x_wconf 89' lang='lat' dir='ltr'><em>men</em></span> <span class='ocrx_word' id='word_1_300' title='bbox 520 3299 639 3389; x_wconf 90' lang='lat' dir='ltr'><em>illud,</em></span> <span class='ocrx_word' id='word_1_301' title='bbox 665 3327 706 3375; x_wconf 85' lang='lat' dir='ltr'><em>ac</em></span> <span class='ocrx_word' id='word_1_302' title='bbox 731 3301 982 3380; x_wconf 77' lang='lat' dir='ltr'><em>restituendum</em></span> <span class='ocrx_word' id='word_1_303' title='bbox 1016 3306 1082 3380; x_wconf 86' lang='lat' dir='ltr'><em>else</em></span> <span class='ocrx_word' id='word_1_304' title='bbox 1111 3333 1174 3406; x_wconf 92' lang='lat' dir='ltr'><em>pro</em></span> 
     </span>
     <span class='ocr_line' id='line_1_54' title="bbox 411 3401 1171 3482; baseline 0.012 -9"><span class='ocrx_word' id='word_1_305' title='bbox 411 3401 580 3474; x_wconf 78' lang='lat' dir='ltr'><em>Pcrtoldces</em></span> <span class='ocrx_word' id='word_1_306' title='bbox 615 3405 809 3480; x_wconf 82' lang='lat' dir='ltr'><em>Bodradns.</em></span> <span class='ocrx_word' id='word_1_307' title='bbox 843 3406 903 3480; x_wconf 82' lang='lat' dir='ltr'><em>nd</em></span> <span class='ocrx_word' id='word_1_308' title='bbox 931 3407 1016 3482; x_wconf 87' lang='lat' dir='ltr'><em>baec</em></span> <span class='ocrx_word' id='word_1_309' title='bbox 1044 3405 1171 3482; x_wconf 86' lang='lat' dir='ltr'><em>insalu-</em></span> 
     </span>
     <span class='ocr_line' id='line_1_55' title="bbox 409 3503 1172 3609; baseline 0.007 -32"><span class='ocrx_word' id='word_1_310' title='bbox 409 3519 523 3578; x_wconf 86' lang='lat' dir='ltr'><em>ratam</em></span> <span class='ocrx_word' id='word_1_311' title='bbox 543 3503 716 3582; x_wconf 79' lang='lat' dir='ltr'><em>trenfilire</em></span> <span class='ocrx_word' id='word_1_312' title='bbox 739 3509 825 3582; x_wconf 88' lang='lat' dir='ltr'><em>nolo</em></span> <span class='ocrx_word' id='word_1_313' title='bbox 843 3534 918 3582; x_wconf 88' lang='lat' dir='ltr'><em>rem</em></span> <span class='ocrx_word' id='word_1_314' title='bbox 942 3505 1172 3609; x_wconf 72' lang='lat' dir='ltr'><em>iugularem,</em></span> 
     </span>
     <span class='ocr_line' id='line_1_56' title="bbox 410 3605 1172 3704; baseline 0.008 -26"><span class='ocrx_word' id='word_1_315' title='bbox 410 3630 499 3704; x_wconf 80' lang='lat' dir='ltr'><em>quae</em></span> <span class='ocrx_word' id='word_1_316' title='bbox 534 3605 573 3680; x_wconf 90' lang='lat' dir='ltr'><em>in</em></span> <span class='ocrx_word' id='word_1_317' title='bbox 609 3605 678 3680; x_wconf 88' lang='lat' dir='ltr'><em>boc</em></span> <span class='ocrx_word' id='word_1_318' title='bbox 715 3626 948 3682; x_wconf 86' lang='lat' dir='ltr'><em>monumento</em></span> <span class='ocrx_word' id='word_1_319' title='bbox 983 3609 1172 3702; x_wconf 86' lang='lat' dir='ltr'><em>innuitur,</em></span> 
     </span>
     <span class='ocr_line' id='line_1_57' title="bbox 410 3705 1172 3810; baseline 0.014 -36"><span class='ocrx_word' id='word_1_320' title='bbox 410 3705 605 3796; x_wconf 82' lang='lat' dir='ltr'><em>videlicet,</em></span> <span class='ocrx_word' id='word_1_321' title='bbox 631 3705 785 3778; x_wconf 87' lang='lat' dir='ltr'><em>Insulam</em></span> <span class='ocrx_word' id='word_1_322' title='bbox 820 3709 993 3803; x_wconf 53' lang='lat' dir='ltr'><em>sacrariam</em></span> <span class='ocrx_word' id='word_1_323' title='bbox 1023 3737 1172 3810; x_wconf 89' lang='lat' dir='ltr'><em>pronun·</em></span> 
     </span>
     <span class='ocr_line' id='line_1_58' title="bbox 411 3803 1171 3898; baseline 0.016 -21"><span class='ocrx_word' id='word_1_324' title='bbox 411 3804 496 3878; x_wconf 84' lang='lat' dir='ltr'><em>tiari</em></span> <span class='ocrx_word' id='word_1_325' title='bbox 524 3803 625 3878; x_wconf 82' lang='lat' dir='ltr'><em>setam</em></span> <span class='ocrx_word' id='word_1_326' title='bbox 650 3804 689 3878; x_wconf 85' lang='lat' dir='ltr'><em>in</em></span> <span class='ocrx_word' id='word_1_327' title='bbox 712 3807 875 3880; x_wconf 75' lang='lat' dir='ltr'><em>Comitem</em></span> <span class='ocrx_word' id='word_1_328' title='bbox 897 3809 1079 3898; x_wconf 80' lang='lat' dir='ltr'><em>Brixicnst.</em></span> <span class='ocrx_word' id='word_1_329' title='bbox 1104 3816 1171 3888; x_wconf 85' lang='lat' dir='ltr'><em>Ca·</em></span> 
     </span>
     <span class='ocr_line' id='line_1_59' title="bbox 411 3904 1178 3990; baseline 0.01 -10"><span class='ocrx_word' id='word_1_330' title='bbox 411 3905 549 3980; x_wconf 83' lang='lat' dir='ltr'><em>llcllum</em></span> <span class='ocrx_word' id='word_1_331' title='bbox 573 3904 642 3982; x_wconf 87' lang='lat' dir='ltr'><em>boc</em></span> <span class='ocrx_word' id='word_1_332' title='bbox 668 3933 762 3983; x_wconf 87' lang='lat' dir='ltr'><em>nunc</em></span> <span class='ocrx_word' id='word_1_333' title='bbox 786 3907 837 3984; x_wconf 85' lang='lat' dir='ltr'><em>cis</em></span> <span class='ocrx_word' id='word_1_334' title='bbox 863 3909 994 3984; x_wconf 85' lang='lat' dir='ltr'><em>Padum</em></span> <span class='ocrx_word' id='word_1_335' title='bbox 1019 3913 1178 3990; x_wconf 83' lang='lat' dir='ltr'><em>cernitur</em></span> 
     </span>
     <span class='ocr_line' id='line_1_60' title="bbox 410 4005 1175 4114; baseline 0.016 -34"><span class='ocrx_word' id='word_1_336' title='bbox 410 4005 531 4082; x_wconf 89' lang='lat' dir='ltr'><em>subtus</em></span> <span class='ocrx_word' id='word_1_337' title='bbox 556 4011 762 4112; x_wconf 80' lang='lat' dir='ltr'><em>Gonzagam</em></span> <span class='ocrx_word' id='word_1_338' title='bbox 789 4013 823 4085; x_wconf 88' lang='lat'>&amp;</span> <span class='ocrx_word' id='word_1_339' title='bbox 850 4011 1075 4090; x_wconf 85' lang='lat' dir='ltr'><em>Lutiariam:</em></span> <span class='ocrx_word' id='word_1_340' title='bbox 1104 4043 1175 4114; x_wconf 84' lang='lat' dir='ltr'><em>qua</em></span> 
     </span>
    </p>
   </div>
   <div class='ocr_carea' id='block_1_15' title="bbox 1264 3299 2089 4110">
    <p class='ocr_par' dir='ltr' id='par_1_17' title="bbox 1264 3299 2089 4110">
     <span class='ocr_line' id='line_1_61' title="bbox 1264 3299 2029 3394; baseline -0.021 -15"><span class='ocrx_word' id='word_1_341' title='bbox 1264 3301 1411 3379; x_wconf 86' lang='lat' dir='ltr'><em>inferius</em></span> <span class='ocrx_word' id='word_1_342' title='bbox 1446 3302 1552 3376; x_wconf 90' lang='lat' dir='ltr'><em>habet</em></span> <span class='ocrx_word' id='word_1_343' title='bbox 1586 3304 1725 3374; x_wconf 81' lang='lat' dir='ltr'><em>camdem</em></span> <span class='ocrx_word' id='word_1_344' title='bbox 1753 3299 1894 3392; x_wconf 78' lang='lat' dir='ltr'><em>insulem</em></span> <span class='ocrx_word' id='word_1_345' title='bbox 1922 3305 2029 3394; x_wconf 62' lang='lat' dir='ltr'><em>Soza.</em></span> 
     </span>
     <span class='ocr_line' id='line_1_62' title="bbox 1266 3397 2034 3494; baseline -0.018 -18"><span class='ocrx_word' id='word_1_346' title='bbox 1266 3404 1349 3476; x_wconf 80' lang='lat' dir='ltr'><em>riano</em></span> <span class='ocrx_word' id='word_1_347' title='bbox 1378 3403 1412 3476; x_wconf 90' lang='lat' dir='ltr'><em>in</em></span> <span class='ocrx_word' id='word_1_348' title='bbox 1439 3404 1602 3474; x_wconf 73' lang='lat' dir='ltr'><em>Camisares</em></span> <span class='ocrx_word' id='word_1_349' title='bbox 1636 3403 1740 3472; x_wconf 81' lang='lat' dir='ltr'><em>codem</em></span> <span class='ocrx_word' id='word_1_350' title='bbox 1775 3397 1926 3494; x_wconf 72' lang='lat' dir='ltr'><em>Regienfi</em></span> <span class='ocrx_word' id='word_1_351' title='bbox 1945 3399 2034 3494; x_wconf 81' lang='lat' dir='ltr'><em>past.</em></span> 
     </span>
     <span class='ocr_line' id='line_1_63' title="bbox 1268 3495 2030 3588; baseline -0.016 -11"><span class='ocrx_word' id='word_1_352' title='bbox 1268 3529 1360 3578; x_wconf 80' lang='lat' dir='ltr'><em>rana:</em></span> <span class='ocrx_word' id='word_1_353' title='bbox 1385 3502 1441 3579; x_wconf 92' lang='lat' dir='ltr'><em>sed</em></span> <span class='ocrx_word' id='word_1_354' title='bbox 1467 3501 1702 3577; x_wconf 86' lang='lat' dir='ltr'><em>emendandus</em></span> <span class='ocrx_word' id='word_1_355' title='bbox 1737 3503 1856 3588; x_wconf 91' lang='lat' dir='ltr'><em>locus,</em></span> <span class='ocrx_word' id='word_1_356' title='bbox 1883 3498 1918 3571; x_wconf 78' lang='lat' dir='ltr'><em>bc</em></span> <span class='ocrx_word' id='word_1_357' title='bbox 1946 3495 2030 3573; x_wconf 81' lang='lat' dir='ltr'><em>scri.</em></span> 
     </span>
     <span class='ocr_line' id='line_1_64' title="bbox 1267 3599 2028 3702; baseline -0.008 -22"><span class='ocrx_word' id='word_1_358' title='bbox 1267 3603 1417 3683; x_wconf 89' lang='lat' dir='ltr'><em>bendum</em></span> <span class='ocrx_word' id='word_1_359' title='bbox 1443 3602 1626 3698; x_wconf 79' lang='lat' dir='ltr'><em>Briniensi,</em></span> <span class='ocrx_word' id='word_1_360' title='bbox 1653 3603 1709 3678; x_wconf 93' lang='lat' dir='ltr'><em>uti</em></span> <span class='ocrx_word' id='word_1_361' title='bbox 1743 3600 1782 3676; x_wconf 88' lang='lat' dir='ltr'><em>in</em></span> <span class='ocrx_word' id='word_1_362' title='bbox 1809 3599 2028 3702; x_wconf 86' lang='lat' dir='ltr'><em>autographo</em></span> 
     </span>
     <span class='ocr_line' id='line_1_65' title="bbox 1269 3701 2089 3806; baseline -0.004 -26"><span class='ocrx_word' id='word_1_363' title='bbox 1269 3707 1421 3806; x_wconf 77' lang='lat' dir='ltr'><em>ejusdem</em></span> <span class='ocrx_word' id='word_1_364' title='bbox 1458 3704 1648 3805; x_wconf 85' lang='lat' dir='ltr'><em>Privilegii</em></span> <span class='ocrx_word' id='word_1_365' title='bbox 1682 3702 1772 3780; x_wconf 85' lang='lat' dir='ltr'><em>meis</em></span> <span class='ocrx_word' id='word_1_366' title='bbox 1807 3701 1922 3778; x_wconf 83' lang='lat' dir='ltr'><em>oculis</em></span> <span class='ocrx_word' id='word_1_367' title='bbox 1948 3728 2030 3804; x_wconf 88' lang='lat' dir='ltr'><em>ego·</em></span> <span class='ocrx_word' id='word_1_368' title='bbox 2083 3779 2089 3788; x_wconf 71' lang='grc'><strong><em>,</em></strong></span> 
     </span>
     <span class='ocr_line' id='line_1_66' title="bbox 1268 3804 2029 3908; baseline -0.008 -26"><span class='ocrx_word' id='word_1_369' title='bbox 1268 3826 1341 3883; x_wconf 89' lang='lat' dir='ltr'><em>met</em></span> <span class='ocrx_word' id='word_1_370' title='bbox 1375 3806 1467 3908; x_wconf 91' lang='lat' dir='ltr'><em>legi.</em></span> <span class='ocrx_word' id='word_1_371' title='bbox 1501 3811 1738 3882; x_wconf 88' lang='lat' dir='ltr'><em>Monumenta</em></span> <span class='ocrx_word' id='word_1_372' title='bbox 1774 3804 1867 3896; x_wconf 84' lang='lat' dir='ltr'><em>alia,</em></span> <span class='ocrx_word' id='word_1_373' title='bbox 1901 3804 2029 3904; x_wconf 82' lang='lat' dir='ltr'><em>quibus</em></span> 
     </span>
     <span class='ocr_line' id='line_1_67' title="bbox 1266 3905 2031 4010; baseline -0.007 -26"><span class='ocrx_word' id='word_1_374' title='bbox 1266 3909 1466 4010; x_wconf 88' lang='lat' dir='ltr'><em>amplitudo</em></span> <span class='ocrx_word' id='word_1_375' title='bbox 1502 3907 1665 3984; x_wconf 72' lang='lat' dir='ltr'><em>liciniani</em></span> <span class='ocrx_word' id='word_1_376' title='bbox 1701 3905 1908 3983; x_wconf 87' lang='lat' dir='ltr'><em>Comitatus</em></span> <span class='ocrx_word' id='word_1_377' title='bbox 1946 3906 2031 3980; x_wconf 90' lang='lat' dir='ltr'><em>illu·</em></span> 
     </span>
     <span class='ocr_line' id='line_1_68' title="bbox 1265 4007 1882 4110; baseline -0.013 -24"><span class='ocrx_word' id='word_1_378' title='bbox 1265 4011 1409 4104; x_wconf 77' lang='lat' dir='ltr'><em>litatur,</em></span> <span class='ocrx_word' id='word_1_379' title='bbox 1437 4009 1588 4110; x_wconf 88' lang='lat' dir='ltr'><em>accipiet</em></span> <span class='ocrx_word' id='word_1_380' title='bbox 1614 4007 1703 4084; x_wconf 82' lang='lat' dir='ltr'><em>alibi</em></span> <span class='ocrx_word' id='word_1_381' title='bbox 1730 4007 1882 4085; x_wconf 71' lang='lat' dir='ltr'><em>Leilor.</em></span> 
     </span>
    </p>
   </div>
   <div class='ocr_carea' id='block_1_16' title="bbox 410 4103 2031 4212">
    <p class='ocr_par' dir='ltr' id='par_1_18' title="bbox 410 4103 2031 4212">
     <span class='ocr_line' id='line_1_69' title="bbox 410 4103 2031 4212; baseline -0.003 -29"><span class='ocrx_word' id='word_1_382' title='bbox 410 4109 524 4210; x_wconf 86' lang='lat' dir='ltr'><em>igitur</em></span> <span class='ocrx_word' id='word_1_383' title='bbox 548 4108 688 4185; x_wconf 85' lang='lat' dir='ltr'><em>ratione</em></span> <span class='ocrx_word' id='word_1_384' title='bbox 713 4109 889 4212; x_wconf 77' lang='lat' dir='ltr'><em>spellabat</em></span> <span class='ocrx_word' id='word_1_385' title='bbox 915 4115 1006 4190; x_wconf 86' lang='lat' dir='ltr'><em>olim</em></span> <span class='ocrx_word' id='word_1_386' title='bbox 1033 4116 1077 4191; x_wconf 93' lang='lat' dir='ltr'><em>ad</em></span> <span class='ocrx_word' id='word_1_387' title='bbox 1102 4119 1173 4192; x_wconf 81' lang='lat' dir='ltr'><em>Co·</em></span> <span class='ocrx_word' id='word_1_388' title='bbox 1213 4107 1243 4178; x_wconf 81' lang='grc' dir='ltr'><strong><em>Ε</em></strong></span> <span class='ocrx_word' id='word_1_389' title='bbox 1319 4113 1540 4189; x_wconf 82' lang='lat' dir='ltr'><em>Accedamus</em></span> <span class='ocrx_word' id='word_1_390' title='bbox 1569 4137 1662 4186; x_wconf 88' lang='lat' dir='ltr'><em>nunc</em></span> <span class='ocrx_word' id='word_1_391' title='bbox 1688 4110 1732 4186; x_wconf 90' lang='lat' dir='ltr'><em>ad</em></span> <span class='ocrx_word' id='word_1_392' title='bbox 1767 4129 1925 4206; x_wconf 89' lang='lat' dir='ltr'><em>tempora</em></span> <span class='ocrx_word' id='word_1_393' title='bbox 1950 4103 2031 4180; x_wconf 79' lang='lat' dir='ltr'><em>wi·</em></span> 
     </span>
    </p>
   </div>
   <div class='ocr_carea' id='block_1_17' title="bbox 408 4211 1174 4518">
    <p class='ocr_par' dir='ltr' id='par_1_19' title="bbox 408 4211 1174 4518">
     <span class='ocr_line' id='line_1_70' title="bbox 408 4211 1173 4315; baseline 0.008 -29"><span class='ocrx_word' id='word_1_394' title='bbox 408 4211 579 4286; x_wconf 78' lang='lat' dir='ltr'><em>mirarum</em></span> <span class='ocrx_word' id='word_1_395' title='bbox 605 4211 840 4290; x_wconf 76' lang='lat' dir='ltr'><em>licinianum?</em></span> <span class='ocrx_word' id='word_1_396' title='bbox 864 4219 905 4289; x_wconf 91' lang='lat' dir='ltr'><em>In</em></span> <span class='ocrx_word' id='word_1_397' title='bbox 930 4216 1173 4315; x_wconf 86' lang='lat' dir='ltr'><em>Antiquitati-</em></span> 
     </span>
     <span class='ocr_line' id='line_1_71' title="bbox 411 4311 1174 4418; baseline 0.007 -28"><span class='ocrx_word' id='word_1_398' title='bbox 411 4316 476 4390; x_wconf 82' lang='lat' dir='ltr'><em>bus</em></span> <span class='ocrx_word' id='word_1_399' title='bbox 498 4311 688 4390; x_wconf 81' lang='lat' dir='ltr'><em>Ellenfibus</em></span> <span class='ocrx_word' id='word_1_400' title='bbox 716 4319 791 4393; x_wconf 86' lang='lat' dir='ltr'><em>Par.</em></span> <span class='ocrx_word' id='word_1_401' title='bbox 819 4321 849 4392; x_wconf 89' lang='lat'><em>1.</em></span> <span class='ocrx_word' id='word_1_402' title='bbox 873 4321 962 4418; x_wconf 87' lang='lat' dir='ltr'><em>Cap.</em></span> <span class='ocrx_word' id='word_1_403' title='bbox 988 4321 1072 4392; x_wconf 81' lang='lat' dir='ltr'><em>vn.</em></span> <span class='ocrx_word' id='word_1_404' title='bbox 1095 4345 1174 4394; x_wconf 86' lang='lat' dir='ltr'><em>ean·</em></span> 
     </span>
     <span class='ocr_line' id='line_1_72' title="bbox 410 4413 1174 4518; baseline 0.009 -28"><span class='ocrx_word' id='word_1_405' title='bbox 410 4413 490 4492; x_wconf 89' lang='lat' dir='ltr'><em>dem</em></span> <span class='ocrx_word' id='word_1_406' title='bbox 531 4415 623 4492; x_wconf 90' lang='lat' dir='ltr'><em>mibi</em></span> <span class='ocrx_word' id='word_1_407' title='bbox 664 4416 914 4494; x_wconf 87' lang='lat' dir='ltr'><em>difficultatem</em></span> <span class='ocrx_word' id='word_1_408' title='bbox 949 4420 1174 4518; x_wconf 75' lang='lat' dir='ltr'><em>objeceram.</em></span> 
     </span>
    </p>
   </div>
   <div class='ocr_carea' id='block_1_18' title="bbox 409 4517 1177 4724">
    <p class='ocr_par' dir='ltr' id='par_1_20' title="bbox 409 4517 1177 4724">
     <span class='ocr_line' id='line_1_73' title="bbox 409 4517 1177 4620; baseline 0.007 -27"><span class='ocrx_word' id='word_1_409' title='bbox 409 4543 520 4617; x_wconf 87' lang='lat' dir='ltr'><em>quum</em></span> <span class='ocrx_word' id='word_1_410' title='bbox 540 4519 579 4593; x_wconf 93' lang='lat' dir='ltr'><em>in</em></span> <span class='ocrx_word' id='word_1_411' title='bbox 597 4517 803 4620; x_wconf 83' lang='lat' dir='ltr'><em>Diplomate</em></span> <span class='ocrx_word' id='word_1_412' title='bbox 819 4521 928 4594; x_wconf 85' lang='lat' dir='ltr'><em>Anno</em></span> <span class='ocrx_word' id='word_1_413' title='bbox 941 4523 1177 4609; x_wconf 83' lang='lat' dir='ltr'><em>MLxxvn.</em></span> 
     </span>
     <span class='ocr_line' id='line_1_74' title="bbox 409 4621 1174 4724; baseline 0.005 -28"><span class='ocrx_word' id='word_1_414' title='bbox 409 4642 471 4720; x_wconf 83' lang='lat' dir='ltr'><em>per</em></span> <span class='ocrx_word' id='word_1_415' title='bbox 490 4621 688 4698; x_wconf 86' lang='lat' dir='ltr'><em>Henricum</em></span> <span class='ocrx_word' id='word_1_416' title='bbox 709 4625 772 4696; x_wconf 86' lang='lat' dir='ltr'><em>IV.</em></span> <span class='ocrx_word' id='word_1_417' title='bbox 788 4621 999 4698; x_wconf 86' lang='lat' dir='ltr'><em>Germaniae</em></span> <span class='ocrx_word' id='word_1_418' title='bbox 1020 4629 1174 4724; x_wconf 88' lang='lat' dir='ltr'><em>Regem,</em></span> 
     </span>
    </p>
   </div>
   <div class='ocr_carea' id='block_1_19' title="bbox 1265 4208 2034 4597">
    <p class='ocr_par' dir='ltr' id='par_1_21' title="bbox 1265 4208 2034 4597">
     <span class='ocr_line' id='line_1_75' title="bbox 1266 4208 2034 4310; baseline -0.009 -20"><span class='ocrx_word' id='word_1_419' title='bbox 1266 4214 1369 4290; x_wconf 84' lang='lat' dir='ltr'><em>donis</em></span> <span class='ocrx_word' id='word_1_420' title='bbox 1395 4213 1466 4289; x_wconf 87' lang='lat' dir='ltr'><em>live</em></span> <span class='ocrx_word' id='word_1_421' title='bbox 1492 4213 1669 4290; x_wconf 85' lang='lat' dir='ltr'><em>Guidouis</em></span> <span class='ocrx_word' id='word_1_422' title='bbox 1695 4208 1943 4310; x_wconf 85' lang='lat' dir='ltr'><em>Imperatoria.</em></span> <span class='ocrx_word' id='word_1_423' title='bbox 1968 4213 2034 4284; x_wconf 88' lang='lat' dir='ltr'><em>Su·</em></span> 
     </span>
     <span class='ocr_line' id='line_1_76' title="bbox 1268 4316 2034 4417; baseline -0.01 -25"><span class='ocrx_word' id='word_1_424' title='bbox 1268 4344 1329 4417; x_wconf 88' lang='lat' dir='ltr'><em>pra</em></span> <span class='ocrx_word' id='word_1_425' title='bbox 1354 4316 1393 4392; x_wconf 85' lang='lat' dir='ltr'><em>in</em></span> <span class='ocrx_word' id='word_1_426' title='bbox 1425 4316 1604 4392; x_wconf 88' lang='lat' dir='ltr'><em>Dissertat.</em></span> <span class='ocrx_word' id='word_1_427' title='bbox 1632 4317 1698 4388; x_wconf 90' lang='lat' dir='ltr'><em>lll.</em></span> <span class='ocrx_word' id='word_1_428' title='bbox 1723 4316 1764 4386; x_wconf 82' lang='lat' dir='ltr'><em>de</em></span> <span class='ocrx_word' id='word_1_429' title='bbox 1799 4319 1940 4386; x_wconf 84' lang='lat' dir='ltr'><em>Roman.</em></span> <span class='ocrx_word' id='word_1_430' title='bbox 1967 4317 2034 4386; x_wconf 81' lang='lat' dir='ltr'><em>len·</em></span> 
     </span>
     <span class='ocr_line' id='line_1_77' title="bbox 1265 4412 2031 4516; baseline -0.01 -20"><span class='ocrx_word' id='word_1_431' title='bbox 1265 4440 1401 4516; x_wconf 79' lang='lat' dir='ltr'><em>perator.</em></span> <span class='ocrx_word' id='word_1_432' title='bbox 1428 4417 1567 4495; x_wconf 89' lang='lat' dir='ltr'><em>mentio</em></span> <span class='ocrx_word' id='word_1_433' title='bbox 1600 4415 1692 4492; x_wconf 75' lang='lat' dir='ltr'><em>satta</em></span> <span class='ocrx_word' id='word_1_434' title='bbox 1726 4412 1774 4489; x_wconf 84' lang='lat' dir='ltr'><em>est</em></span> <span class='ocrx_word' id='word_1_435' title='bbox 1809 4412 2031 4513; x_wconf 83' lang='lat' dir='ltr'><em>Diplomatis</em></span> 
     </span>
     <span class='ocr_line' id='line_1_78' title="bbox 1267 4513 2029 4597; baseline -0.007 -3"><span class='ocrx_word' id='word_1_436' title='bbox 1267 4521 1310 4594; x_wconf 83' lang='lat' dir='ltr'><em>ab</em></span> <span class='ocrx_word' id='word_1_437' title='bbox 1345 4549 1389 4596; x_wconf 89' lang='lat' dir='ltr'><em>eo</em></span> <span class='ocrx_word' id='word_1_438' title='bbox 1424 4519 1573 4597; x_wconf 82' lang='lat' dir='ltr'><em>conceffi</em></span> <span class='ocrx_word' id='word_1_439' title='bbox 1609 4515 1799 4596; x_wconf 88' lang='lat' dir='ltr'><em>Leudoino</em></span> <span class='ocrx_word' id='word_1_440' title='bbox 1833 4513 2029 4592; x_wconf 88' lang='lat' dir='ltr'><em>Mutinensi</em></span> 
     </span>
    </p>
   </div>
   <div class='ocr_carea' id='block_1_20' title="bbox 1266 4621 2028 4724">
    <p class='ocr_par' dir='ltr' id='par_1_22' title="bbox 1266 4621 2028 4724">
     <span class='ocr_line' id='line_1_79' title="bbox 1266 4621 2028 4724; baseline -0.012 -27"><span class='ocrx_word' id='word_1_441' title='bbox 1266 4621 1440 4724; x_wconf 88' lang='lat' dir='ltr'><em>Episcopo</em></span> <span class='ocrx_word' id='word_1_442' title='bbox 1454 4625 1565 4700; x_wconf 85' lang='lat' dir='ltr'><em>Anno</em></span> <span class='ocrx_word' id='word_1_443' title='bbox 1586 4623 1822 4698; x_wconf 82' lang='lat' dir='ltr'><em>ucccxcl.</em></span> <span class='ocrx_word' id='word_1_444' title='bbox 1835 4641 1892 4717; x_wconf 87' lang='lat' dir='ltr'><em>prr</em></span> <span class='ocrx_word' id='word_1_445' title='bbox 1905 4623 2028 4690; x_wconf 79' lang='lat' dir='ltr'><em>Mann-</em></span> 
     </span>
    </p>
   </div>
   <div class='ocr_carea' id='block_1_21' title="bbox 410 4721 2028 4822">
    <p class='ocr_par' dir='ltr' id='par_1_23' title="bbox 410 4721 2028 4822">
     <span class='ocr_line' id='line_1_80' title="bbox 410 4721 2028 4822; baseline -0.002 -27"><span class='ocrx_word' id='word_1_446' title='bbox 410 4739 518 4822; x_wconf 86' lang='lat' dir='ltr'><em>atque</em></span> <span class='ocrx_word' id='word_1_447' title='bbox 553 4723 707 4814; x_wconf 90' lang='lat' dir='ltr'><em>Italiac,</em></span> <span class='ocrx_word' id='word_1_448' title='bbox 743 4721 967 4822; x_wconf 82' lang='lat' dir='ltr'><em>Principibus</em></span> <span class='ocrx_word' id='word_1_449' title='bbox 1003 4725 1175 4803; x_wconf 80' lang='lat' dir='ltr'><em>Atestinis</em></span> <span class='ocrx_word' id='word_1_450' title='bbox 1258 4725 1384 4816; x_wconf 72' lang='lat' dir='ltr'><em>freden</em></span> <span class='ocrx_word' id='word_1_451' title='bbox 1403 4729 1557 4798; x_wconf 76' lang='lat' dir='ltr'><em>Comitem</em></span> <span class='ocrx_word' id='word_1_452' title='bbox 1573 4725 1666 4797; x_wconf 78' lang='lat' dir='ltr'><em>Sacri</em></span> <span class='ocrx_word' id='word_1_453' title='bbox 1679 4724 1825 4798; x_wconf 80' lang='lat' dir='ltr'><em>Palatii.</em></span> <span class='ocrx_word' id='word_1_454' title='bbox 1840 4724 1936 4795; x_wconf 89' lang='lat' dir='ltr'><em>Turn</em></span> <span class='ocrx_word' id='word_1_455' title='bbox 1951 4723 2028 4794; x_wconf 86' lang='lat' dir='ltr'><em>An·</em></span> 
     </span>
    </p>
   </div>
   <div class='ocr_carea' id='block_1_22' title="bbox 409 4823 1176 5130">
    <p class='ocr_par' dir='ltr' id='par_1_24' title="bbox 409 4823 1176 5130">
     <span class='ocr_line' id='line_1_81' title="bbox 409 4823 1174 4920; baseline 0.008 -26"><span class='ocrx_word' id='word_1_456' title='bbox 409 4825 590 4916; x_wconf 79' lang='lat' dir='ltr'><em>concello,</em></span> <span class='ocrx_word' id='word_1_457' title='bbox 610 4823 810 4900; x_wconf 88' lang='lat' dir='ltr'><em>invenerim</em></span> <span class='ocrx_word' id='word_1_458' title='bbox 830 4825 976 4918; x_wconf 73' lang='lat' dir='ltr'><em>casalem</em></span> <span class='ocrx_word' id='word_1_459' title='bbox 993 4827 1174 4920; x_wconf 71' lang='lat' dir='ltr'><em>Maiorem,</em></span> 
     </span>
     <span class='ocr_line' id='line_1_82' title="bbox 411 4926 1172 5022; baseline 0.005 -24"><span class='ocrx_word' id='word_1_460' title='bbox 411 4927 647 5017; x_wconf 83' lang='lat' dir='ltr'><em>Vitellianam,</em></span> <span class='ocrx_word' id='word_1_461' title='bbox 674 4929 710 4998; x_wconf 78' lang='lat' dir='ltr'><em>dt</em></span> <span class='ocrx_word' id='word_1_462' title='bbox 735 4926 1004 5022; x_wconf 69' lang='lat' dir='ltr'><em>Pomponoscuen,</em></span> <span class='ocrx_word' id='word_1_463' title='bbox 1023 4928 1172 5004; x_wconf 86' lang='lat' dir='ltr'><em>Castella</em></span> 
     </span>
     <span class='ocr_line' id='line_1_83' title="bbox 412 5025 1176 5130; baseline 0.001 -26"><span class='ocrx_word' id='word_1_464' title='bbox 412 5047 497 5104; x_wconf 87' lang='lat' dir='ltr'><em>tunc</em></span> <span class='ocrx_word' id='word_1_465' title='bbox 523 5026 727 5102; x_wconf 87' lang='lat' dir='ltr'><em>eorumdem</em></span> <span class='ocrx_word' id='word_1_466' title='bbox 754 5025 942 5116; x_wconf 76' lang='lat' dir='ltr'><em>Ellcnlium</em></span> <span class='ocrx_word' id='word_1_467' title='bbox 967 5029 1039 5130; x_wconf 76' lang='lat' dir='ltr'><em>juri</em></span> <span class='ocrx_word' id='word_1_468' title='bbox 1064 5029 1176 5130; x_wconf 67' lang='lat' dir='ltr'><em>obuog</em></span> 
     </span>
    </p>
   </div>
   <div class='ocr_carea' id='block_1_23' title="bbox 1263 4821 2030 5232">
    <p class='ocr_par' dir='ltr' id='par_1_25' title="bbox 1263 4821 2028 4926">
     <span class='ocr_line' id='line_1_84' title="bbox 1263 4821 2028 4926; baseline -0.007 -25"><span class='ocrx_word' id='word_1_469' title='bbox 1263 4852 1309 4898; x_wconf 87' lang='lat' dir='ltr'><em>no</em></span> <span class='ocrx_word' id='word_1_470' title='bbox 1330 4829 1621 4902; x_wconf 79' lang='lat' dir='ltr'><em>Deccxcvn.</em></span> <span class='ocrx_word' id='word_1_471' title='bbox 1641 4825 1838 4926; x_wconf 87' lang='lat' dir='ltr'><em>imperante</em></span> <span class='ocrx_word' id='word_1_472' title='bbox 1860 4821 2028 4898; x_wconf 85' lang='lat' dir='ltr'><em>Lamber-</em></span> 
     </span>
    </p>

    <p class='ocr_par' dir='ltr' id='par_1_26' title="bbox 1266 4923 2030 5030">
     <span class='ocr_line' id='line_1_85' title="bbox 1266 4923 2030 5030; baseline -0.004 -29"><span class='ocrx_word' id='word_1_473' title='bbox 1266 4943 1304 5001; x_wconf 91' lang='lat' dir='ltr'><em>to</em></span> <span class='ocrx_word' id='word_1_474' title='bbox 1325 4927 1481 5029; x_wconf 81' lang='lat' dir='ltr'><em>Augusto</em></span> <span class='ocrx_word' id='word_1_475' title='bbox 1501 4927 1654 5030; x_wconf 85' lang='lat' dir='ltr'><em>ejusdem</em></span> <span class='ocrx_word' id='word_1_476' title='bbox 1674 4925 1851 5002; x_wconf 85' lang='lat' dir='ltr'><em>Gnidonis</em></span> <span class='ocrx_word' id='word_1_477' title='bbox 1872 4923 1952 4998; x_wconf 90' lang='lat' dir='ltr'><em>filio</em></span> <span class='ocrx_word' id='word_1_478' title='bbox 1971 4951 2030 4998; x_wconf 88' lang='lat' dir='ltr'><em>oc·</em></span> 
     </span>
    </p>

    <p class='ocr_par' dir='ltr' id='par_1_27' title="bbox 1264 5027 2029 5232">
     <span class='ocr_line' id='line_1_86' title="bbox 1264 5027 2029 5142; baseline -0.01 -37"><span class='ocrx_word' id='word_1_479' title='bbox 1264 5029 1374 5118; x_wconf 83' lang='lat' dir='ltr'><em>currit</em></span> <span class='ocrx_word' id='word_1_480' title='bbox 1409 5029 1513 5108; x_wconf 83' lang='lat' dir='ltr'><em>uobis</em></span> <span class='ocrx_word' id='word_1_481' title='bbox 1539 5037 1704 5107; x_wconf 64' lang='lat' dir='ltr'><em>moene</em></span> <span class='ocrx_word' id='word_1_482' title='bbox 1738 5039 1847 5103; x_wconf 86' lang='lat' dir='ltr'><em>Comes</em></span> <span class='ocrx_word' id='word_1_483' title='bbox 1879 5027 2029 5142; x_wconf 69' lang='lat' dir='ltr'><em>Palatii,</em></span> 
     </span>
     <span class='ocr_line' id='line_1_87' title="bbox 1880 5153 1980 5232; baseline -0.04 -26"><span class='ocrx_word' id='word_1_484' title='bbox 1880 5153 1980 5232; x_wconf 56' lang='lat' dir='ltr'><em>cujus</em></span> 
     </span>
    </p>
   </div>
   <div class='ocr_carea' id='block_1_24' title="bbox 0 0 2273 6164">
    <p class='ocr_par' dir='ltr' id='par_1_28' title="bbox 0 0 2273 6164">
     <span class='ocr_line' id='line_1_88' title="bbox 0 0 2273 6164; baseline 0 0"><span class='ocrx_word' id='word_1_485' title='bbox 0 0 2273 6164; x_wconf 95' lang='lat' dir='ltr'><em> </em></span> 
     </span>
    </p>
   </div>
  </div>
 </body>
</html>
