4628 6148
487 423 568 506 ψ
767 377 1701 506 ntrstnrarroourucra.
1902 425 1985 507 ιρι

415 508 655 596 -Fnro'uliann
696 509 854 586 Ducatui
890 507 1006 582 variae
1044 505 1186 580 Civita·
1214 515 1249 588 A
1278 533 1361 600 ena,
1381 508 1443 605 qui
1472 511 1702 607 Foroiulienfi
1722 509 1906 589 Matthiae
1927 531 2045 614 praee-¹

412 629 475 686 tet
503 539 681 707 drbdidir,
709 613 775 688 lanc
795 613 842 686 est
863 609 1070 708 regionem,
1096 635 1186 708 quat
1274 635 1378 700 rant,
1398 610 1588 684 Corinthiae
1604 613 1845 709 Durarui‚.leu
1865 619 2043 712 noraha,

413 715 613 790 avevano
635 715 844 790 extenditur
876 713 983 808 ulque
1019 713 1063 788 acl
1099 715 1186 789 Dal·
1276 711 1377 788 limul
1392 711 1599 814 praeluille:
1619 715 1835 814 quodetiam
1855 718 2040 818 antiquina

416 816 576 912 mariae,
602 817 673 893 live
699 816 900 892 Delmatiae
919 815 1028 906 linet,
1048 843 1088 890 ac
1108 843 1184 916 prn-
1276 813 1389 916 postea
1413 813 1649 914 deprehendi.
1677 819 1771 894 Nam
1798 821 1855 896 rel
1875 818 1937 898 sub
1958 821 2040 922 ipfia

418 939 539 1020 pterea
563 945 640 996 non
677 919 977 996 contemnendum
1004 919 1187 997 Adriatici
1274 921 1493 1022 francorum
1527 916 1682 1018 Regibus
1714 917 1850 996 ealdem
1888 925 2041 1014 travia.

419 1023 540 1098 litoris
568 1023 747 1116 trabium,
773 1022 927 1094 Marem
951 1021 1035 1096 inde
1061 1023 1184 1096 consti·
1276 1019 1350 1096 ciat
1386 1018 1449 1094 uni
1484 1018 1667 1094 Praeledlo
1700 1019 1847 1096 traditas
1881 1027 2041 1104 Annales

417 1127 518 1216 rara,
546 1151 635 1224 quac
659 1153 791 1200 nomen
819 1123 917 1198 suum
944 1121 1083 1218 accepit
1109 1149 1182 1198 tnn·
1276 1125 1490 1198 francorum
1515 1119 1690 1219 produnt.
1716 1121 1870 1225 Legitur
1893 1125 1973 1204 illie
1997 1129 2042 1208 ad

417 1226 465 1302 dn
492 1231 511 1302 a
538 1228 702 1304 Ciuitate
729 1227 941 1316 forijulii,
968 1224 1075 1300 modo
1101 1234 1181 1299 Tar·
1276 1227 1425 1298 Annum
1461 1225 1697 1300 ncccxtu
1734 1225 1932 1326 imperante
1968 1233 2043 1306 Lu.

416 1331 519 1423 visti,
545 1357 586 1406 ac
611 1331 754 1406 tandem
783 1335 941 1414 Veronae,
962 1347 1067 1426 prout
1086 1354 1180 1403 nem·
1216 1293 1244 1364 B
1276 1325 1409 1400 dorico
1431 1325 1516 1400 Pio:
1538 1331 1620 1397 Cum
1638 1327 1814 1400 Bnldritttt
1832 1333 1912 1400 Dua
1930 1331 2043 1424 (Fori

416 1459 459 1534 pe
488 1433 711 1534 praecipuam
748 1431 843 1504 suam
880 1429 1009 1504 Sedem
1039 1432 1077 1504 in
1114 1457 1181 1506 una
1276 1426 1452 1525 Juliii'in
1478 1433 1735 1500 carantanorum
1760 1429 1943 1526 regionem,¹
1964 1457 2043 1530 quae

416 1563 461 1610 rx
494 1538 541 1612 iis
576 1535 734 1610 Urbibus
768 1531 1028 1606 constituebant
1065 1536 1179 1608 Ducea
1269 1533 1317 1606 orl
1352 1530 1364 1600 i
1379 1527 1449 1614 fias
1482 1555 1589 1602 curan
1618 1529 1824 1630 pertinebat,
1845 1530 1956 1627 suiffn
1991 1537 2043 1610 in·

414 1633 486 1714 lite
513 1633 742 1712 Marchiones
769 1633 1000 1710 Provinciae.
1027 1637 1177 1708 Moneri·
1268 1629 1406 1728 graffus.
1444 1633 1625 1705 Praeterea
1651 1631 1690 1705 in
1727 1635 1934 1708 memorarit
1960 1637 2040 1710 An·

412 1745 478 1814 duc
505 1757 624 1814 tamen
651 1737 805 1827 hibor,
832 1737 938 1811 aliter
961 1735 1076 1811 visum
1096 1735 1175 1812 suis·
1272 1731 1433 1830 tiquitat.
1474 1729 1637 1808 Ellenfib.
1687 1735 1823 1834 protuli
1863 1735 2037 1814 Chartam

413 1841 448 1916 se
475 1841 593 1916 amico
628 1837 720 1914 olim
757 1863 859 1930 tneo,
896 1835 1020 1937 utique
1055 1865 1174 1913 emun·
1269 1834 1487 1936 'spebiantem
1523 1831 1565 1908 ad
1594 1833 1669 1935 eins
1703 1835 1860 1936 regionis
1898 1841 2037 1915 Ducem

412 1943 492 2018 ttae
518 1941 613 2018 naris
647 1942 755 2035 rito,
793 1944 831 2014 t.
861 1945 904 2016 D.
931 1937 1077 2041 Galpari
1115 1945 1176 2016 Be·
1272 1963 1311 2010 ac
1338 1935 1611 2025 marchionem,
1638 1935 1700 2034 qui
1735 1937 1882 2015 ineunte
1911 1945 2036 2018 Saccu-

413 2065 510 2120 rettn
536 2043 783 2118 in-Dillertar.
809 2041 1055 2142 Chotogrnph.
1081 2069 1174 2144 prae·
1270 2040 1308 2111 lo
1336 2041 1398 2112 xl.
1426 2035 1569 2114 floruit.
1596 2041 1703 2114 Nunc
1729 2040 1877 2116 alteram
1912 2043 2037 2142 adjun.

415 2147 526 2246 posita
544 2149 667 2218 Tomo
689 2147 731 2215 x.
753 2147 832 2216 Rer.
855 2146 1083 2246 italicarum3
1113 2145 1174 2221 sci·
1270 2165 1351 2240 gete
1385 2141 1508 2240 jurat,
1535 2139 1602 2214 hnc
1627 2140 1675 2217 cll
1709 2141 1873 2218 Placitum
1895 2149 1919 2216 d
1945 2151 2034 2222 Drrte

352 2315 356 2322 .
412 2248 502 2326 licet
529 2247 700 2319 Martiam
725 2243 933 2329 Tarvisi'nant
968 2245 1087 2344 (quae
1122 2274 1175 2321 ea·
1210 2210 1241 2284 C
1270 2241 1637 2332 eodem‚Adalbrrtne
1657 2241 1848 2338 videlicet,
1868 2245 2032 2324 habitum

413 2351 495 2424 dem
523 2374 562 2421 ac
590 2345 829 2444 Veronensis)
865 2345 1065 2422 distinam
1093 2347 1174 2424 fuis·
1268 2347 1378 2420 Anno
1402 2347 1564 2420 Mxv11.
1588 2367 1693 2442 quam
1721 2371 1765 2424 tr
1789 2348 1941 2448 antiquo
1965 2355 2034 2424 Re·

414 2452 449 2528 te
476 2453 496 2525 h
522 2457 652 2525 Datatu
678 2447 912 2542 forojuliensi:
938 2449 1036 2568 cujus
1061 2469 1178 2527 tamen
1252 2443 1357 2544 'gesto
1377 2445 1536 2546 descripfi
1553 2447 1716 2522 Veneriis
1737 2447 1919 2527 adservato
1939 2451 2036 2552 apud

415 2555 467 2632 tei
496 2554 642 2628 idoneor
662 2547 761 2624 telles
779 2549 936 2624 nondum
955 2551 1052 2625 vuli.
1070 2553 1179 2648 Quod
1268 2545 1379 2622 sactae
1409 2549 1576 2650 Virginea
1613 2548 1825 2632 nobilillitni
1854 2553 2035 2632 Coennbii

415 2677 552 2732 certum
567 2649 634 2740 est,
647 2652 683 2724 in
702 2651 784 2726 Lib.
797 2650 980 2750 Antiquit.
992 2653 1177 2728 Ellenliurn
1268 2649 1390 2728 Sanni
1414 2651 1627 2730 Zachariae.

413 2755 548 2840 aliendi
561 2809 572 2848 ,
586 2753 650 2834 sub
667 2754 891 2832 Germanicis
909 2757 1181 2860 imperatoribus

433 2983 585 3074 Charta
617 2975 757 3066 Placiti
787 2979 838 3066 ab
869 2915 1122 3068 Adalberone
1153 2981 1340 3066 Doceat
1373 2973 1613 3068 Marcbione
1642 2976 1771 3070 babiti
1801 2979 1843 3070 in
1876 2981 2019 3074 Comi·

507 3125 594 3190 tatu
623 3099 855 3204 Tarvisium
888 3099 966 3185 ubi
998 3097 1168 3186 diremta'
1198 3097 1251 3183 eli
1282 3099 1546 3186 controverlia
1589 3127 1659 3218 pro
1691 3099 1941 3190 Monialibut

597 3215 764 3304 Venetia
795 3215 926 3302 Sanni
958 3216 1175 3306 Zachariae
1204 3213 1386 3301 adventu
1417 3217 1618 3304 Abbatem
1650 3217 1850 3308 Coenobii

766 3332 948 3424 Patavini
979 3335 1143 3422 Sanciae
1172 3331 1374 3453 Jullinae,
1403 3333 1527 3418 Anno
1561 3362 1685 3444 ro17.

521 3575 581 3644 Um
616 3566 651 3642 in
688 3563 753 3638 nei
792 3563 915 3646 nomine
954 3563 989 3634 in
1024 3563 1187 3636 Comitatu
1214 3564 1256 3752 Di
1267 3564 1367 3638 ditare
1379 3585 1398 3632 t
1422 3569 1507 3656 Jotn
1539 3563 1646 3659 piures
1675 3561 1762 3634 nien
1780 3561 2030 3654 ,nilamnion

545 3666 809 3758 Teroistanense,
836 3667 870 3735 in
896 3665 987 3736 Villa
1009 3667 1130 3737 Axilla
1147 3671 1186 3738 de
1271 3693 1327 3738 not
1348 3668 1396 3738 ad
1424 3691 1483 3737 ort
1507 3669 1630 3736 Donrne
1653 3665 1840 3762 Adelpeyto
1865 3671 1964 3756 Dux,
1992 3687 2031 3738 ut

412 3773 550 3864 suptus,
584 3791 641 3866 per
664 3765 736 3858 ejus
760 3769 840 3837 data
865 3765 997 3836 licentio
1023 3768 1057 3836 in
1090 3765 1180 3858 iudi·
1270 3769 1358 3840 nobis
1380 3765 1542 3856 iustitiam
1560 3766 1696 3858 [acinis
1711 3769 1751 3838 de
1768 3775 1798 3858 J
1800 3769 1936 3840 ohannes
1953 3772 2031 3846 Ab·

417 3872 465 3944 eir
499 3868 644 3955 resideret
678 3873 791 3940 Donut
823 3868 1008 3962 Adelpeyro
1043 3873 1122 3941 Dua
1154 3871 1178 3940 i·
1269 3871 1327 3945 aar
1361 3867 1553 3956 Monaflerr'i
1587 3867 1705 3943 sanna
1734 3876 1766 3961 J
1767 3869 1869 3958 ulline
1897 3867 1962 3956 sito
1995 3871 2032 3944 ia

411 3971 497 4062 flius
522 3971 690 4044 Matthiae
711 3975 983 4061 carentanorum,
1011 3973 1055 4041 U·
1079 3977 1180 4045 Ram·
1268 3971 1330 4042 loct
1353 3969 1499 4061 Patavi,
1526 3971 1571 4040 (a
1596 3973 1636 4045 ale
1656 3977 1688 4063 J
1689 3971 1825 4044 ubannet
1851 3972 2031 4064 Notarius,

351 4083 358 4118 ¹
418 4073 535 4150 tantu
558 4080 669 4147 eona
697 4071 789 4160 astina
812 4071 992 4144 Comitatus
1018 4073 1180 4156 Tewista·
1260 4072 1322 4166 ¹qui
1346 4070 1389 4158 est
1414 4071 1575 4142 habitator
1601 4073 1635 4142 in
1662 4077 1779 4145 Monte
1809 4074 1908 4146 Solito
1931 4081 2031 4146 Aw-

417 4175 531 4266 nenst‚
564 4187 611 4250 al
629 4174 827 4268 fingulorrun
851 4173 1013 4246 hominurn
1034 4173 1181 4267 jusiitias
1267 4173 1365 4244 taturi
1384 4171 1462 4261 suo:
1492 4171 1570 4266 quia
1596 4173 1680 4242 inter
1696 4199 1751 4244 nor
1770 4173 1943 4246 intencione
1954 4175 2031 4264 sur.

412 4277 581 4370 satiendas
606 4303 642 4350 nt
675 4276 916 4348 deliberandas.
954 4275 1180 4361 Rtfideuribur
1266 4266 1390 4368 rexiffet
1414 4285 1455 4344 de
1477 4274 1616 4370 Capella
1640 4299 1727 4362 urta,
1754 4277 1869 4371 quiesi
1894 4275 2028 4364 nnslru·

414 4405 485 4450 turn
503 4401 537 4450 et
556 4378 760 4472 Walpettut‚
785 4378 957 4451 Wilelnrut
981 4379 1179 4471 Comitibut,
1266 4374 1319 4446 tta
1347 4375 1382 4446 in
1408 4399 1498 4446 onore
1533 4375 1648 4448 santii
1683 4376 1799 4446 Thana
1834 4377 1879 4446 θ
1912 4375 2029 4452 sotir·

415 4487 545 4578 Tarpa,
562 4479 737 4573 Iohanne,
765 4475 884 4567 Yseledt
900 4479 1062 4570 Juaiter,
1097 4483 1175 4556 Soi-
1194 4485 1249 4554 .E⁴
1264 4479 1428 4566 Zenonis,
1454 4503 1523 4548 tum
1548 4475 1692 4548 annitar
1713 4475 1814 4568 tofis,
1839 4479 1935 4573 dra,
1970 4479 2028 4576 qui
2174 4547 2181 4562 ‚

413 4584 551 4680 rigerio,
588 4577 780 4667 odelricus,
821 4577 951 4670 dinan,
994 4583 1175 4672 vitatoria,
1260 4577 1306 4664 esl
1331 4580 1371 4649 de
1396 4579 1590 4666 Monaslerio
1623 4577 1738 4650 sanni
1768 4582 1924 4655 Zacharia
1948 4590 2027 4656 Pte·

414 4685 600 4776 Walfredo,
626 4691 672 4753 Θ
696 4680 812 4777 reliqui
834 4679 964 4774 plures.
990 4683 1100 4778 ibique
1125 4709 1171 4754 eo·
1260 4680 1354 4774 phere
1368 4707 1389 4766 ;
1423 4681 1538 4776 quibus
1568 4679 1667 4776 postte
1702 4681 1772 4779 ipsa
1809 4686 1947 4780 Capella
1982 4684 2027 4754 θ’

412 4809 484 4860 runt
508 4787 644 4860 veniens
674 4780 834 4879 presencia
868 4787 982 4853 Petrus
1014 4785 1175 4855 Presbiter
1260 4781 1350 4852 redut
1377 4782 1411 4852 in
1430 4783 1593 4854 cvnirarn
1616 4785 1799 4876 Patavtese
1817 4786 1852 4856 in
1867 4785 2026 4876 juditia·

412 4913 479 4960 nna
505 4917 572 4960 nnn
595 4889 801 4962 Adnotatort
830 4883 890 4974 suo
913 4887 953 4958 de
979 4885 1175 4972 Moaastrrio
1263 4883 1314 4956 ria
1340 4882 1614 4975 nonientana,
1649 4907 1717 4958 tarn
1752 4887 1786 4960 in
1821 4890 1926 4958 erden
1960 4891 2025 4960 lter

409 4989 526 5062 Sanni
549 4989 706 5065 Zacharia
728 4988 916 5086 Prcpbttr‚-
928 4987 1027 5082 pofito
1051 4987 1085 5058 in
1110 4989 1164 5090 ΚΞ
1261 4989 1374 5056 Monte
1411 4985 1510 5056 tatia
1543 4988 1589 5060 ad
1619 4994 1699 5084 pede
1732 4995 1773 5058 de
1808 4987 1874 5084 ipso
1908 4993 2025 5066 Monte

408 5094 519 5172 walto
549 5115 646 5194 prope
678 5093 790 5174 curn
823 5091 990 5181 Palatina
1029 5109 1174 5195 trprrunt
1259 5110 1328 5160 ruat
1352 5084 1422 5182 ejus
1446 5087 1541 5160 terris
1565 5089 1683 5162 inam
1703 5110 1763 5186 per
1786 5091 1895 5163 retcrir
1921 5089 2021 5165 lecit.
