4628 6150
339 451 427 577 pra
644 446 1523 546 orssunrArtosrrrn.
1756 468 1842 564 aaa

282 561 452 668 Augustis
477 596 600 648 eorum
624 571 821 673 ·Dignitati
857 572 1046 673 adjiceren-
1074 574 1107 646 A
1135 569 1289 646 Comitem
1313 570 1408 644 Saevi
1431 569 1561 646 Palatii
1586 567 1789 671 praesuifl'e.
1818 571 1908 644 Erat

281 685 365 764 tur,
399 699 551 772 quorum
586 677 696 748 ceteri
731 675 963 752 Marchiones
985 702 1044 750 ex·

282 792 397 874 pectes
433 793 558 851 erant.
594 780 635 849 ln
664 777 866 854 Annalibus
893 783 1039 855 Franco

282 899 362 948 rum
388 878 570 978 legimus,
605 879 758 972 Bosonrm
783 881 907 956 Caroli
935 880 1043 959 Calvi

281 976 435 1078 Augusti
461 979 642 1054 Sororium
681 980 782 1056 fuisse
816 989 937 1056 Ducem
962 1009 1043 1058 con·

281 1077 445 1158 siitutum
485 1083 595 1159 Auno
636 1087 987 1177 ncchxxvr.‚·
1008 1087 1043 1159 de

274 1178 327 1262 ,in
351 1181 449 1258 Urbe
476 1182 661 1260 Ticinensr
695 1190 820 1258 crant
844 1189 965 1261 noran
989 1213 1041 1260 or·

282 1301 433 1358 mrum.
467 1285 529 1360 llli
555 1311 640 1386 ergo
673 1287 845 1388 appellati
880 1289 1044 1378 Comites,

280 1383 421 1485 quippe
460 1383 711 1487 praesedluram
747 1388 897 1510 alicujus
940 1391 1045 1466 Urbis

1136 673 1197 755 illc
1217 672 1388 752 nimirum
1403 671 1631 774 Magistratus
1649 667 1909 764 amplissimus,

1138 803 1178 852 ac
1197 770 1326 857 Ticini
1346 779 1553 876 plerumque
1572 773 1779 875 confinem-3
1798 791 1909 874 atque

1136 877 1197 953 laic
1216 878 1256 955 in
1272 879 1497 978 Antiquitat.
1516 875 1644 950 Eslens.
1659 881 1744 953 Par.
1765 878 1794 952 1.
1814 878 1906 976 Cap.

1138 984 1203 1054 vl.
1230 979 1322 1054 mibi
1358 979 1453 1056 visus
1478 978 1524 1055 est
1551 979 1750 1054 Marchionis
1776 1002 1906 1053 munus

1137 1080 1252 1159 iniis
1287 1080 1445 1179 partibus
1480 1078 1697 1182 exercuisseg
1721 1104 1835 1179 neque
1869 1105 1907 1156 e·

1139 1182 1223 1258 uim
1242 1180 1356 1258 alium
1391 1181 1445 1256 ibi
1471 1179 1639 1258 badleuus
1666 1178 1905 1281 deprehendi,

1138 1286 1201 1384 qui
1229 1281 1457 1384 praestantior
1481 1283 1581 1382 ipso,
1608 1281 1814 1360 comitibus
1843 1308 1907 1356 va·

1138 1385 1270 1462 riarum
1290 1387 1469 1462 nobilium
1490 1381 1699 1462 Civitatem
1718 1383 1906 1484 praeesset,

278 1489 480 1662 ¹petebam
520 1491 750 1582 maurina,
789 1518 875 1612 quta
912 1494 1043 1567 tutelae
1081 1481 1281 1586 liquando
1316 1493 1429 1588 Reges
1463 1487 1629 1579 aberranti
1656 1486 1713 1562 uti
1747 1485 1788 1562 in
1822 1483 1905 1560 aliis

314 1586 415 1664 nium
452 1589 633 1668 universae
670 1594 880 1670 Provinciae
916 1592 1039 1695 praese·

282 1687 363 1791 mi3
391 1695 494 1764 Daret
519 1697 624 1784 verb,
643 1695 739 1796 quod
758 1697 957 1797 complures
976 1697 1041 1771 Co·

281 1791 392 1866 anites
417 1793 453 1866 δι
481 1793 661 1869 Civitates
695 1794 759 1870 sub
795 1796 857 1872 suo
894 1796 1044 1898 imperio

280 1889 475 2011 baberent,
510 1915 571 1970 aut
605 1898 952 2015 commemorans
987 1899 1041 1972 de·

280 2001 792 2198 insensibilis?
816 2016 1044 2200 {libili

1141 1588 1344 1666 Provinciis
1379 1587 1500 1665 ltalici
1537 1587 1652 1690 Regni
1668 1675 1672 1682 p
1688 1585 1907 1664 consuetudo
2001 1621 2005 1630 ·

1141 1689 1232 1766 suit:
1254 1717 1363 1790 quum
1385 1697 1509 1766 Dvcvm
1527 1688 1711 1790 praecipue
1730 1687 1788 1764 seu
1806 1694 1907 1761 Mar.

1139 1794 1281 1866 ebreum
1315 1793 1424 1886 esset,
1459 1791 1672 1891 ausloritate
1706 1789 1746 1866 in
1781 1815 1907 1866 omnes

1142 1893 1351 1970 Provinciae
1386 1893 1465 1972 suae
1491 1893 1673 1972 Civitates
1700 1888 1764 1967 fibi
1794 1889 1931 1990 tradi·-

1138 1996 1195 2086 td‚
1222 1995 1419 2073 universam
1447 1995 1628 2096 regionem
1655 1995 1757 2069 illam
1784 1989 1824 2086 in
1848 1989 1905 2068 os·

1137 2095 1223 2182 sicin
1239 2097 1424 2174 continere
1436 2151 1448 2189 ,
1462 2115 1569 2196 atque
1587 2097 1631 2170 ab
1650 2095 1806 2170 hollibus
1823 2120 1905 2193 pro·

282 2196 496 2287 tuebantur,
522 2195 578 2273 sed
606 2201 723 2276 nullos
742 2219 809 2277 aut·
824 2229 954 2304 paucos
971 2207 1042 2280 Co·
1138 2217 1274 2297 tegere.
1299 2199 1393 2274 Vide
1417 2197 1510 2279 inira
1534 2196 1714 2272 Disertat.
1739 2197 1840 2270 qu
1863 2198 1904 2269 dr

280 2293 389 2370 mites
415 2295 477 2371 sub
504 2297 536 2372 se
562 2301 816 2378 numerabant.
1136 2301 1263 2375 homin·
1279 2301 1384 2375 Libet.
1408 2299 1466 2374 Ibi
1484 2315 1645 2374 occurret
1668 2296 1737 2374 tibi
1762 2295 1805 2372 ad
1824 2299 1905 2370 An·

333 2395 537 2474 institutum
553 2399 699 2492 suit,ut
715 2401 1041 2504 suprainnui,mu·
1076 2387 1112 2460 C
1136 2427 1224 2479 num
1260 2405 1459 2478 DCCCCI.
1485 2401 1669 2500 Sigrsredvs
1700 2405 1906 2472 ConreaPan'

281 2523 348 2572 nus
374 2525 414 2573 ac
440 2527 570 2576 nomeu
606 2506 830 2580 Marciorum
855 2509 875 2580 t
902 2507 1046 2583 Francis
1137 2503 1236 2594 latii,
1263 2506 1308 2578 δ’
1332 2512 1441 2577 Comes
1470 2502 1649 2576 Camisares
1678 2500 1905 2574 Mediolanen-

280 2598 439 2700 Regibus
463 2601 537 2702 poll
559 2607 741 2680 Saeculum
769 2609 790 2680 δ
814 2607 946 2682 Cbrisii
972 2613 1042 2685 Na·
1128 2603 1198 2692 fis.
1213 2608 1319 2682 Nunc
1333 2604 1442 2681 etiarn
1461 2609 1592 2680 Comes
1609 2601 1792 2678 Palatinus
1808 2600 1903 2677 Rhe·

280 2699 435 2774 rivirute'
465 2703 668 2797 Oilavum,
697 2711 820 2808 Regno
855 2708 894 2783 in
931 2710 1046 2788 varias
1136 2706 1175 2784 ni
1202 2707 1295 2784 nulli
1321 2707 1615 2782 Germanicorum
1644 2709 1813 2798 Ducum,
1838 2718 1903 2778 aut

282 2802 481 2894 Marabius
499 2803 569 2879 srve
606 2808 812 2883 Provincias
840 2809 1044 2888 limitaneas
1136 2809 1342 2886 Marchioni
1372 2806 1659 2910 brandeburgio,
1686 2803 1901 2900 auslmitate

282 2900 430 2976 diviso.
465 2905 634 3007 Quaudiu
665 2909 853 3006 conjunsia
887 2911 982 2988 ste'tit
1012 2919 1040 2988 1·
1073 2933 1077 2939 ·
1138 2909 1255 3002 cedit,
1276 2937 1493 3010 quamquam
1517 2935 1630 3008 neque
1653 2911 1762 2999 Dux,
1784 2929 1901 3004 neque

281 3000 372 3076 talia
398 3017 479 3076 cum
507 3009 631 3106 Regno
659 3012 872 3084 Francorum
902 3011 941 3086 in
967 3040 1042 3114 pro·
1135 3011 1301 3088 Marchio
1320 3014 1537 3112 appelletur.
1551 3015 1593 3088 In
1612 3007 1702 3086 banc
1716 3033 1791 3084 rem
1809 3033 1901 3082 non·

281 3099 378 3202 sapia
407 3106 551 3205 Pippini
578 3111 791 3183 Francorum
820 3111 949 3213 Regis,
974 3119 1036 3189 lra·
1136 3114 1234 3188 nulla
1260 3111 1411 3214 congeffi
1438 3111 1477 3189 in
1500 3110 1630 3190 eisdem
1654 3106 1901 3210 Antiquitati-

280 3202 333 3278 lia
359 3229 430 3278 non
466 3205 562 3282 vidit
587 3209 827 3309 appellatione
862 3215 1044 3292 Marchiae
1137 3215 1199 3290 bus
1214 3229 1220 3236 ‘
1235 3213 1448 3292 Eilenfibus:
1476 3215 1512 3288 dc
1547 3212 1661 3289 adhuc
1689 3212 1729 3288 iu
1758 3239 1799 3286 ea
1823 3209 1901 3286 sen·

280 3303 461 3382 dillinsias
486 3335 543 3384 eas
569 3329 705 3409 partes,
728 3338 818 3412 quae
839 3313 959 3390 limite
982 3317 1043 3394 suo
1072 3292 1108 3360 D
1136 3317 1250 3394 tentia
1285 3315 1383 3408 sum,
1411 3320 1431 3392 l
1465 3312 1722 3392 Mediolanensi
1756 3337 1901 3415 quoque

280 3407 535 3508 contingebant
570 3412 731 3488 Galliam
757 3431 862 3512 atque
897 3422 1037 3494 Germa·
1135 3417 1275 3496 ditione
1300 3417 1526 3496 constitutam
1552 3415 1644 3492 olim
1669 3414 1768 3492 suisse
1791 3440 1901 3490 unam

278 3507 398 3583 niam:
427 3513 547 3585 nullus
572 3515 669 3589 enim
696 3512 779 3592 inde
804 3516 914 3594 hosiis
937 3519 1039 3597 time·
1136 3515 1341 3612 Manlium,
1356 3519 1633 3611 institutam,ut
1644 3517 1795 3618 opinor,
1811 3515 1902 3617 post·

278 3608 404 3700 batur,
427 3637 537 3710 quum
561 3615 724 3690 universa
748 3615 833 3693 haec
859 3625 980 3722 Regna
1003 3650 1038 3698 u·
1137 3648 1243 3720 quam
1267 3627 1360 3698 Otto
1383 3625 1537 3722 Magnus
1559 3621 1732 3720 imperare
1756 3617 1902 3720 coepit,

278 3735 363 3786 num
381 3715 788 3815 Dominum,unamque
805 3723 951 3820 Regiam
968 3721 1038 3798 llir·
1085 3755 1087 3761 ·
1139 3743 1200 3798 aut
1222 3723 1346 3800 saltem
1365 3725 1511 3798 Saeculo
1533 3720 1696 3825 proxime
1719 3718 1901 3820 sequenti.
1976 3811 1978 3821 Ι

278 3837 359 3912 pem
378 3811 440 3888 sabi
460 3814 697 3914 imperantem
715 3819 962 3918 agnoscerent}
975 3825 1040 3900 Sed
1141 3826 1355 3910 Parietiam
1379 3825 1518 3900 ratione
1542 3824 1586 3900 ad
1608 3821 1819 3918 credendum
1837 3822 1903 3898 du.

353 3941 458 4010 quam
484 3914 524 3989 in
549 3915 702 3992 diversas
738 3920 918 4018 portiones
944 3927 1038 4002 exci-
1139 3951 1222 4017 cor,
1248 3953 1292 4002 ex
1319 3929 1427 4002 Litore
1451 3927 1587 4018 Italica,
1612 3925 1708 4025 quod
1737 3924 1904 4002 Genuen-

292 4015 409 4090 aiuit
443 4015 654 4116 amplissima
689 4018 784 4094 ditio
810 4023 934 4100 Caroli
961 4031 1038 4104 Ma·
1140 4025 1225 4100 suurn
1248 4027 1425 4104 ditionem
1443 4053 1537 4102 nuuc
1560 4025 1835 4124 compleslitur,
1852 4023 1904 4102 es-

277 4117 363 4218 gni,
389 4144 429 4192 ac
466 4117 685 4219 potiffrmum
720 4121 868 4199 exclusis
896 4152 941 4202 ex
971 4131 1038 4202 lta·
1139 4126 1328 4204 formatam
1351 4128 1441 4204 olim
1465 4126 1564 4204 suiffe
1587 4128 1800 4220 Maeotim
1818 4155 1903 4208 nam

275 4219 327 4293 lia
346 4219 422 4320 ejus
443 4219 606 4320 polletis,
624 4242 738 4297 novae
756 4225 927 4322 quaedam
945 4233 1038 4304 Mar·
1072 4195 1100 4264 E
1138 4233 1174 4304 nr
1195 4227 1268 4331 ipsa
1292 4231 1358 4306 illa
1380 4229 1481 4332 regio
1503 4227 1576 4330 poli
1599 4233 1750 4305 Francos
1774 4232 1903 4311 ltaliae

276 4321 363 4391 thiae
389 4319 467 4394 lreic
490 4322 700 4399 efformatae
719 4321 860 4403 suerunt
885 4329 930 4403 ad
953 4329 1041 4408 siner
1139 4337 1250 4434 Reges
1268 4331 1339 4408 suit
1359 4329 1442 4407 finis
1462 4329 1575 4434 Regni
1590 4357 1703 4430 quum
1716 4350 1810 4409 terra
1820 4354 1901 4412 tum

276 4419 421 4492 Galliae
442 4423 480 4494 bd
505 4425 762 4522 Alamarmiae,
788 4429 823 4502 dt
851 4429 892 4504 ad
922 4429 1036 4530 ipsum
1139 4434 1248 4512 mari.
1284 4439 1388 4511 Hanc
1415 4433 1527 4534 ipsam
1559 4434 1787 4510 Provinciam
1815 4435 1901 4511 desa·

275 4521 380 4594 Mare
399 4518 573 4616 insenum,
593 4545 633 4602 ut
652 4530 831 4604 Saracenis
850 4550 916 4612 aut.
928 4537 1036 4608 Nort·
1136 4553 1278 4635 gnatam
1301 4536 1392 4610 olim
1417 4554 1504 4636 puto
1528 4534 1568 4610 iu
1587 4534 1794 4636 Diplomate
1819 4541 1900 4614 Hu-

274 4620 415 4699 mannis
434 4620 691 4702 incursantibus
710 4627 945 4708 obsrsieretur.
962 4640 1034 4708 Me·
1135 4636 1240 4738 gomis
1275 4636 1399 4712 ltaliae
1427 4637 1556 4740 Regis,
1581 4639 1680 4738 cujus
1714 4636 1900 4714 vetustissi-

273 4725 407 4798 dialem
437 4747 545 4824 atque
569 4726 653 4802 aliis
688 4729 866 4808 insubriae
895 4735 1034 4811 Civita·
1137 4763 1234 4812 vnum
1273 4741 1476 4836 exemplum
1517 4739 1629 4838 (natu
1668 4739 1899 4838 archetypum

276 4826 407 4916 tibus,
452 4853 496 4902 ex
532 4853 607 4928 quo
642 4831 871 4931 imperatores
911 4839 1035 4912 Seculo
1137 4840 1312 4939 appellare
1345 4865 1419 4914 non
1444 4839 1578 4940 ausim)
1602 4841 1682 4918 vidi
1710 4841 1749 4918 in
1775 4844 1899 4922 Tabu-

275 4927 407 5006 christi
431 4927 586 5006 Decimo
604 4949 706 5006 extra
728 4934 869 5010 ltaliam
898 4937 1034 5015 habita·
1135 4939 1227 5014 lario
1260 4941 1526 5022 canonicorum
1550 4943 1716 5026 Arretii.
1749 4945 1809 5026 Eli
1836 4973 1899 5042 aua,

275 5054 314 5108 re
336 5031 616 5146 consueverunt,
630 5031 824 5142 suspicatus
845 5037 937 5118 olim
959 5038 1039 5138 sui,
1137 5059 1210 5120 tem
1235 5041 1458 5147 hujusmodi.

1739 5255 1852 5338 Mun-⁸
