4534 6164
486 428 570 545 e51
733 417 1172 536 Auttoutt.
1230 414 1739 506 ncuttacvt
1893 427 1978 534 652

477 545 658 620 Placitum
678 565 817 640 quoque
837 541 947 616 Anno
965 539 1089 614 eodem
1113 541 1185 611 Mt.
1211 541 1400 612 A'munus
1426 533 1517 611 illud
1553 534 1756 610 retinuisse.
1795 537 1972 612 Attamen
2012 537 2053 614 is

423 646 468 720 ab
496 644 572 744 ipso
597 653 710 716 ottone
726 641 847 713 comite
871 641 999 714 Palatii
1023 638 1185 716 habitum
1273 639 1315 712 ad
1343 642 1491 712 Annum
1521 641 1704 712 Mttvttt.
1732 635 1846 712 rursus
1883 637 1917 712 se
1944 637 2056 714 mihi

423 746 578 837 Ticini,
613 771 679 844 ego
704 741 872 841 evulgavi
899 741 938 816 in
966 742 1194 841 Antiquitat.
1272 739 1418 815 exhibet
1444 739 1629 816 Comitem
1657 737 1811 831 Palatii,
1838 761 1878 814 ut
1904 738 2055 814 Leston·

423 844 553 924 Esleus.
579 847 667 946 Cap.
698 867 755 940 14
783 848 921 918 Exotto
949 845 1063 938 pollea
1091 844 1186 917 bello
1275 837 1456 942 intelliget
1483 845 1502 916 tl
1529 841 1689 929 Chatta,
1716 863 1805 937 quae
1831 841 2055 917 authentica

424 946 520 1021 inter
552 945 758 1020 Henricum.
782 949 806 1017 l.
833 947 868 1019 δι
898 945 1120 1019 Haeduinum
1148 943 1191 1017 ele
1276 941 1476 1018 adservatur
1499 942 1537 1016 in
1556 941 1754 1016 Tabulario
1779 943 1943 1044 Capituli
1969 945 2054 1020 Ca·

425 1051 550 1148 Regno
579 1045 707 1120 Italico
746 1047 1020 1135 contendentes,
1055 1043 1118 1119 vix
1146 1043 1188 1117 li·
1277 1044 1487 1120 nonicotum
1512 1041 1791 1119 Mutinenlium.

426 1168 483 1222 cet
515 1145 676 1240 credere,
711 1153 886 1222 Ottonem
922 1143 1192 1223 constantiffime

426 1374 649 1464 Rainaedue
689 1381 725 1460 te
760 1383 873 1464 Roza
914 1378 1096 1494 coniuges
1135 1405 1268 1464 coram
1310 1381 1464 1464 Ottone
1502 1375 1667 1464 Comite
1706 1371 1846 1463 Palatii
1885 1373 2047 1464 donant

457 1493 669 1612 Episcopio
701 1497 936 1583 Mutinensis
970 1497 1161 1584 Ecclesiae
1198 1504 1345 1582 Domos
1376 1499 1468 1582 duas
1498 1525 1589 1580 cum
1620 1492 1742 1580 Tutti
1773 1497 1812 1580 δι
1844 1492 2010 1610 Capella

569 1611 703 1700 Sansli
735 1613 919 1724 Nicolai,
958 1615 1119 1705 litatio
1149 1612 1329 1701 Ciuitate
1358 1615 1584 1723 Ticiaenn,
1612 1618 1735 1701 Anno
1771 1617 1897 1699 1018.

476 1869 513 1935 N
535 1863 658 1934 nomine
685 1863 820 1936 Domini
847 1866 910 1936 Dei
936 1867 979 1938 θ’
1006 1864 1190 1938 saluatoris
1218 1867 1330 1938 Bne
1354 1861 1452 1949 nojire
1477 1865 1610 1936 mercede
1621 1890 1643 1951 ,·
1676 1862 1714 1933 id
1733 1861 1811 1953 sunt
1836 1860 1936 1954 Casas
1958 1865 2047 1936 duae

501 1963 596 2050 nollri
610 1963 693 2054 Jesu
721 1966 859 2050 Christi.
887 1967 1055 2038 Heinrietts
1080 1967 1192 2060 gratie
1276 1965 1469 2056 solatiatur,
1504 1967 1549 2035 Θ·
1574 1972 1675 2036 Turre
1707 1990 1772 2034 atne
1805 1991 1874 2036 tum
1907 1966 2043 2059 Capella

426 2065 493 2138 Dei
520 2070 690 2148 imperator
714 2063 910 2160 augustus,
936 2075 1039 2139 aduno
1066 2067 1192 2159 imperii
1283 2067 1370 2156 infra
1395 2066 1464 2162 ipsa
1489 2073 1591 2137 Turre
1615 2063 1765 2156 edificata
1791 2064 1825 2135 in
1847 2089 1938 2136 onore
1956 2071 2042 2138 Sete-

426 2163 519 2257 ejas,
546 2169 614 2234 Deo
643 2166 799 2259 propitio,
827 2168 971 2260 Quinto,
1001 2172 1037 2238 V.
1067 2170 1187 2240 Kalen·
1283 2165 1328 2237 iii
1355 2167 1505 2262 Nicolagi
1517 2221 1529 2257 ,
1564 2170 1667 2264 adque
1700 2167 1781 2238 Sala
1815 2193 1880 2238 una
1915 2190 2041 2240 murata

425 2265 486 2337 das
509 2265 722 2361 Septembris,
751 2267 924 2338 Inditiione
952 2269 1081 2340 Prima.
1109 2267 1189 2364 Epi·
1284 2291 1351 2338 enm
1390 2291 1503 2354 areae,
1544 2269 1600 2337 ubi
1638 2267 1766 2356 diane,
1805 2293 1870 2339 enm
1908 2273 2003 2339 Corte
2016 2297 2040 2358 ,-

419 2364 526 2458 scapio
538 2364 649 2456 senile
666 2367 856 2450 Mutinensis
872 2367 1027 2456 Ecclesie,
1043 2368 1099 2440 ubi
1112 2395 1194 2440 nuno
1283 2367 1387 2439 omnia
1414 2368 1447 2436 in
1462 2367 1542 2436 rmui
1564 2389 1687 2438 tenente
1709 2368 1794 2460 juris
1813 2370 1943 2458 nostris,
1968 2373 2042 2466 qui.

426 2469 590 2539 Domnus
627 2468 793 2542 Watinus
829 2467 1022 2566 Episcopus
1052 2470 1188 2566 preordi·
1284 2471 1342 2541 bus
1366 2470 1455 2539 abere
1479 2467 1546 2550 oifi
1569 2471 1674 2554 sumus
1701 2472 1787 2540 intra
1812 2497 1870 2540 ane
1894 2462 2042 2542 Tieinen·

427 2586 525 2639 armus
549 2562 605 2659 effe
629 2569 781 2660 videtur,
809 2596 863 2640 not
891 2572 1078 2643 Rainordus
1097 2570 1193 2662 filius
1279 2569 1346 2662 sem
1372 2569 1519 2641 Ciuitate
1550 2590 1644 2666 prope
1677 2576 1798 2660 Porta,
1833 2597 1891 2666 que
1923 2573 2044 2647 dieitur

426 2668 584 2763 quondam
608 2669 750 2754 «tutoni,
776 2671 821 2740 (θ’
842 2678 939 2766 Roga
957 2671 1125 2766 jugalibus
1142 2670 1186 2761 fi·
1284 2689 1322 2740 ae
1351 2671 1532 2743 Viridario.
1570 2675 1617 2742 Et
1640 2672 1714 2760 [unt
1742 2672 1826 2766 ipset
1851 2673 1936 2764 casas
1956 2673 2041 2765 sole·

426 2767 477 2840 tia
501 2775 658 2862 quendam
683 2771 836 2861 oddoni,
871 2773 926 2868 qui
960 2767 1091 2866 proseffa
1119 2771 1192 2863 sum
1221 2781 1253 2854 C
1284 2770 1386 2842 rietes
1411 2773 1478 2844 &a
1506 2772 1633 2844 eatatas
1657 2774 1796 2870 treginta
1823 2773 1866 2842 Φ
1888 2794 2043 2870 quatuor.

426 2895 467 2940 ere
505 2868 635 2940 nacione
668 2895 736 2942 mea
771 2878 886 2970 Legem
918 2873 1030 2944 nituere
1065 2879 1185 2968 Longo
1282 2877 1391 2942 caere
1416 2871 1458 2942 eit
1476 2885 1520 2942 aa
1539 2899 1629 2946 mone
1652 2896 1736 2947 terra
1761 2874 1954 2960 Menalierio
1972 2881 2044 2948 Do·

427 2971 622 3060 hoedorum,
652 2971 703 3064 set
729 2999 812 3044 nune
841 2995 900 3068 pro
931 2974 997 3068 ipse
1030 2972 1103 3045 uiro
1128 3001 1193 3045 meo
1281 2973 1361 3044 mini
1385 2973 1588 3062 saluatoris,
1623 2978 1669 3047 ad
1694 2977 1823 3047 meridie
1850 2979 1911 3048 Via
1936 2975 2044 3071 pulli.

426 3077 544 3168 Legem
561 3071 674 3143 uiuere
692 3075 803 3144 uideor
821 3082 993 3145 Romana:
1019 3075 1084 3171 ipso
1103 3101 1187 3146 nane·
1281 3102 1342 3164 ea,
1368 3076 1413 3145 ad
1433 3073 1504 3164 sera
1530 3095 1612 3146 terra
1639 3078 1757 3148 Thone
1781 3079 1824 3148 6*
1851 3081 1960 3149 Uberti
1983 3100 2045 3173 pa·

426 3196 491 3268 que
513 3171 627 3268 iugale
644 3174 689 3243 Θ
709 3176 911 3246 Mundoaldo
935 3201 1000 3246 meo
1024 3175 1105 3247 mibi
1121 3203 1187 3246 con·
1281 3196 1329 3246 ter
1353 3177 1397 3246 (r
1415 3174 1512 3266 filio,
1548 3181 1590 3248 eb
1623 3180 1769 3274 aquilone
1796 3177 1949 3262 similiter
1982 3179 2045 3251 via

421 3272 649 3366 sentiente&
678 3274 788 3370 supter
812 3273 1034 3365 confirmante,
1070 3279 1115 3348 (θ’
1136 3274 1187 3368 J'u·
1277 3277 1406 3374 publiea
1432 3277 1500 3348 &n
1528 3284 1622 3350 Hane
1645 3281 1729 3350 enim
1752 3280 1884 3351 canate
1907 3279 2045 3370 offersio-

420 3373 477 3460 sta
501 3374 690 3464 capitulare
716 3380 1022 3473 Lemgobmdomm,
1058 3379 1092 3450 in
1128 3405 1191 3472 qua
1283 3377 1333 3448 nis
1356 3378 1510 3473 paginam
1537 3379 1685 3467 Reflalei
1710 3383 1844 3450 Notario
1860 3380 1950 3466 Jaeei
1974 3387 2047 3450 Pa·

428 3473 512 3546 inter
536 3494 635 3549 cetera
668 3482 822 3548 continere
854 3479 1007 3568 videtur,
1043 3501 1079 3551 nt
1106 3479 1191 3563 ficut
1281 3479 1359 3549 latii
1383 3481 1564 3567 tradimus,
1600 3481 1644 3546 Ψ
1661 3477 1792 3564 [aribert
1824 3474 2044 3569 rogavimus,

428 3574 543 3648 mulier
566 3604 633 3649 eum
658 3579 732 3650 uiro
759 3579 819 3672 sno
843 3583 915 3652 abet
939 3580 1117 3673 potestatem
1145 3606 1191 3650 res
1283 3579 1317 3648 in
1342 3605 1405 3675 qua
1425 3578 1535 3675 supter
1549 3575 1757 3668 confirmant,
1780 3573 1969 3672 testibusque
1987 3578 2044 3649 ab·

423 3677 502 3769 sues
525 3681 805 3767 venundandum,
842 3681 890 3752 ito
916 3683 960 3749 (θ’
984 3683 1193 3751 donandum:
1224 3685 1257 3754 D
1283 3679 1414 3752 tulimus
1440 3681 1662 3754 roborandum.
1946 3697 1948 3704 '

429 3779 557 3866 ideoque
575 3801 652 3866 ego,
678 3777 735 3870 qui
754 3777 874 3869 supra,
899 3787 1016 3872 Roga,
1040 3806 1106 3852 une
1123 3807 1190 3850 eum
1333 3781 1458 3856 Atiam
1484 3782 1631 3854 Ciuitate
1656 3779 1804 3852 Ticinum
1825 3779 1983 3870 feliciter.

429 3872 546 3948 noticia
573 3875 708 3964 Domni
745 3877 876 3951 Ottoni
912 3879 1054 3954 Comiti
1092 3882 1187 3954 Pala·
1333 3887 1422 3972 01⁴&
1462 3881 1598 3976 Signum
1636 3884 1783 3955 manibus
1816 3882 2043 3980 suprascripto·

429 3973 502 4062 cii,
529 3977 564 4050 δι
590 3979 723 4052 Comes
749 3976 846 4053 istius
872 3979 1061 4057 Comitatu
1087 3982 1188 4056 Tici-
1283 4009 1350 4054 rum
1377 3983 1543 4056 Rainarde'
1568 3986 1614 4055 θ
1638 3993 1733 4076 Roga
1759 3981 1952 4081 iugalibus,
1986 3982 2045 4079 qui

428 4074 548 4167 nense,
589 4079 624 4152 in
664 4079 754 4168 tatius
789 4083 948 4180 presencia
985 4084 1030 4154 θ’
1067 4083 1190 4168 tollium
1283 4111 1342 4156 ane
1365 4088 1503 4160 Caerula
1527 4084 1700 4170 osserfionit
1715 4083 1797 4180 fieri
1822 4101 2043 4184 rogaverunt,

428 4197 513 4251 certa
537 4177 619 4266 satio
641 4182 841 4277 proseffione,
876 4187 959 4281 qued
993 4187 1116 4256 nulium
1142 4212 1190 4256 me
1283 4212 1443 4283 eorumque
1468 4186 1582 4263 telesia
1606 4195 1669 4276 est.

424 4278 500 4378 peti
523 4279 712 4354 violenciam
745 4288 790 4357 ad
823 4288 1000 4382 quempiam
1033 4287 1190 4377 ominem,

429 4409 484 4454 neo
507 4384 551 4456 ab
581 4383 648 4480 ipso
679 4381 791 4481 iugale
816 4387 860 4458 θ
887 4389 1080 4459 munduasdo
1104 4413 1190 4479 meo,
1421 4397 1536 4464 0Πο
1558 4388 1718 4466 COMES
1737 4394 1946 4468 PMH
1963 4391 2046 4466 sss.

426 4483 499 4554 nixi
537 4511 607 4557 mea
639 4488 722 4558 bono
756 4488 800 4558 o*
828 4487 1003 4582 spontanea
1036 4490 1184 4560 volunta·
1287 4391 1387 4593 P)

425 4601 516 4678 teret,
541 4587 698 4680 offertores
723 4589 767 4658 o*
791 4591 955 4659 donatores
980 4587 1077 4684 ipsius
1102 4591 1185 4684 Epi·
1222 4597 1252 4666 E
1977 4620 1982 4632 ⁸

419 4684 520 4781 scopii
532 4687 688 4782 presentes
700 4688 895 4784 presentibus
908 4689 1067 4764 diximus.
1087 4691 1186 4786 Qui]-
1330 4695 1467 4794 Signum
1506 4700 1654 4774 manibees
1687 4699 1845 4776 Gariardi
1879 4699 1924 4772 θ’
1956 4691 2040 4768 sdes·

426 4787 498 4882 quit
525 4788 559 4858 in
579 4785 703 4880 senilis
728 4790 797 4864 &u
826 4792 956 4884 ideoque
986 4817 1061 4874 nos,
1097 4818 1188 4886 quent
1276 4799 1399 4895 produt
1429 4793 1622 4894 germaniis,
1657 4804 1714 4894 seu
1749 4801 1905 4898 Rogati,
1938 4821 2041 4869 omnes

421 4885 549 4982 supra,
590 4889 780 4962 Rainardur
814 4891 859 4960 Θ
894 4897 989 4985 Roga
1023 4891 1189 4988 iugalibus
1283 4905 1397 4995 Legem
1422 4903 1570 4975 uiuentes
1597 4913 1769 4998 Romana,
1794 4903 1903 4991 telles.

427 4989 582 5060 donamus
607 4991 651 5059 Θ
676 4990 836 5084 offirimut
871 4991 906 5062 in
931 4995 1035 5064 eodem
1061 4995 1176 5084 Episeo
1335 5001 1506 5078 Allericus
1536 5009 1567 5100 J
1569 5011 1650 5078 udex
1684 5009 1728 5078 (9·
1767 5002 1887 5096 Missus
1926 4997 2046 5078 Domni

424 5088 483 5182 pio
508 5087 619 5182 sensit
644 5093 836 5182 Mutinensis
871 5093 1005 5183 Eeeieste
1036 5115 1095 5192 pro
1118 5094 1189 5168 ani·
1262 5103 1482 5200 ,Imperatoris
1508 5129 1634 5206 rogatus
1651 5106 1840 5204 subfiripst.

1884 5205 1994 5282 Ades.
