4622 6140
485 407 580 524 323·
806 384 1210 510 sorssors.
1257 375 1484 478 moon
1532 377 1709 473 nour
1918 369 2010 510 ‘324

421 521 474 628 'pii
487 580 499 616 ‚
524 517 688 620 «quomodo
722 541 760 590 err
793 513 977 613 anriquims
1010 507 1258 602 consuerudo‘A
1288 505 1487 606 poffidendi,
1512 503 1722 596 dominandi,
1750 503 1795 577 G*
1818 507 1928 582 omnia
1952 517 2067 589 exinde

417 625 510 723 scir.
538 622 640 708 Erst
664 619 887 718 qualiscunque
924 639 990 686 omo
1006 611 1124 706 servus
1140 613 1197 684 vei
1287 609 1460 702 saciendi,
1496 630 1575 706 quae
1611 608 1656 679 cb·
1690 608 1829 706 qualiter
1867 611 2070 708 volueritis,-

420 727 552 826 angilla
571 723 646 819 jam
670 719 753 793 dibi
778 713 1029 816 Arcbiepisoopii
1053 715 1194 790 barride·
1290 713 1335 784 θ’
1359 715 1382 784 d
1408 709 1520 798 nosiris
1535 718 1567 805 J
1570 711 1735 802 udicibus,
1762 715 1967 807 Comicibus,
1999 723 2066 793 Ca·

421 829 470 903 ris
483 881 517 904 ..
536 879 596 902 ...
615 876 651 900 ..
677 827 720 896 ad
746 817 803 914 esso
829 839 1011 917 componas,
1041 817 1126 902 sicne
1150 817 1195 891 ad
1282 813 1441 906 staldeis,
1479 814 1535 886 vei
1568 819 1592 887 d
1626 814 1859 916 quibuscunque
1894 821 2066 916 agentibus

421 931 518 1004 biberi
544 927 682 1001 bomines
717 924 762 995 (9¹
796 929 841 996 ad
879 924 1003 995 liveras
1033 920 1193 1011 seminas.
1288 939 1366 1016 pars
1395 917 1519 1014 presari
1553 917 1653 1006 vestri
1686 919 1965 1019 Arcbiepiscopii,
1995 923 2066 1018 esu·

416 1031 534 1130 'ngdm
562 1031 606 1102 (9¹
632 1025 823 1101 concedimus
848 1025 884 1096 in
906 1019 1086 1118 predisbam
1113 1019 1193 1114 san·
1285 1020 1365 1118 sque
1390 1019 1561 1110 Rebboros,
1587 1043 1646 1118 per
1668 1031 1724 1094 boc
1744 1021 1881 1109 nosirum
1907 1029 2065 1100 roboreum

420 1135 507 1207 flam
542 1135 655 1206 sedem
669 1178 836 1204 .......
873 1123 934 1194 riri
970 1123 1014 1194 (θ’
1054 1123 1195 1206 censiles
1290 1129 1474 1220 Preccpsum
1499 1123 1648 1214 cunibus,
1676 1149 1756 1223 quas
1790 1127 1951 1218 diximus,
1975 1130 2066 1223 secu·

420 1235 523 1332 ipssus
548 1226 825 1324 Arcbiepisoopii,
853 1245 920 1299 eam
947 1225 1074 1318 maftoii
1100 1229 1196 1324 qubm
1292 1251 1325 1296 ro
1358 1227 1483 1299 nomine
1519 1255 1573 1300 eas
1600 1228 1745 1300 babeatis
1774 1229 1819 1300 (θ’
1851 1227 2065 1328 possedeatis,

418 1337 538 1432 semine
564 1335 680 1406 ibidem
705 1327 915 1424 deserviens,
936 1327 1021 1410 ficus
1046 1357 1084 1403 ex
1109 1329 1196 1404 anri·
1295 1329 1339 1400 (9·
1363 1353 1480 1428 queque
1502 1330 1695 1418 volueritis,
1720 1331 1832 1402 exinde
1852 1332 1985 1423 sacraris
2007 1337 2066 1410 ab·

420 1439 532 1538 quiens
556 1432 801 1529 deservierunt,
838 1430 883 1500 θ
917 1431 1056 1516 Censora
1078 1432 1195 1526 persoi-
1232 1438 1262 1511 B
1287 1429 1367 1530 sque
1392 1432 1535 1504 omnibus
1556 1433 1697 1530 publicis
1723 1433 1998 1530 sequestrionibus.
2060 1418 2068 1431 ⁶

421 1555 564 1612 verume.
601 1540 650 1609 Er
676 1563 729 1608 nec
761 1535 840 1607 illas
863 1535 919 1602 ved
946 1532 1038 1624 iliis,
1073 1533 1130 1604 vei
1157 1532 1197 1604 ii·
1346 1539 1444 1628 ,Quod
1468 1559 1581 1606 verum
1604 1540 1788 1631 Preceprum
1813 1537 2006 1630 concessionis
2028 1567 2066 1613 erc

422 1641 475 1716 bas
499 1643 554 1714 vei
582 1639 712 1712 iliarum
746 1637 852 1708 eredes
881 1636 922 1706 de
957 1637 1048 1707 rebus
1075 1634 1195 1722 stabile
1288 1633 1481 1732 jussionibus
1495 1636 1750 1736 supradisborum
1773 1638 1967 1727 Poreflarunr
1983 1641 2065 1734 scri.

420 1771 478 1818 nee
515 1745 651 1816 vendere
691 1741 747 1810 vel
785 1739 908 1811 donare
947 1739 1004 1810 vel
1043 1737 1198 1835 campinie
1289 1736 1344 1834 psi
1361 1765 1416 1838 ego
1434 1741 1570 1834 Aupsus
1587 1741 1751 1814 Diaconus
1773 1741 1978 1814 Saiemirano
1996 1750 2066 1818 Pe·

416 1845 536 1946 poffins
557 1843 626 1930 sine
648 1840 782 1938 jussione
805 1837 945 1938 predibbi
972 1839 1092 1912 Domni
1122 1844 1194 1913 Ar·
1292 1840 1392 1922 iasio,
1421 1841 1457 1913 in
1483 1850 1587 1915 Anno
1614 1846 1749 1914 XXXV.
1777 1843 1984 1942 Principarus
2003 1845 2063 1939 su·

423 1945 606 2045 ibiepiscopi
631 1947 687 2018 ves
713 1942 783 2026 eius
802 1937 1001 2036 successores.
1037 1948 1102 2015 Seu
1126 1969 1191 2014 con·
1289 1943 1436 2042 prodisii
1461 1947 1582 2018 Domni
1599 1945 1785 2018 Guaimarii
1804 1945 1990 2044 Principis,
2018 1949 2064 2020 O*

422 2054 562 2123 cedimus
589 2050 634 2119 θ’
668 2045 888 2138 confirmamus
924 2043 958 2116 in
996 2044 1096 2144 ipsam
1115 2045 1195 2138 san·
1274 2051 1334 2118 V.
1361 2053 1464 2118 Anno
1490 2049 1697 2146 Principarus
1727 2049 1847 2120 Domni
1873 2049 2060 2122 Guaimarii

421 2149 777 2224 &nordemannos
803 2145 1020 2240 eoncessiones,
1042 2170 1101 2243 que
1125 2146 1196 2219 ubi·
1288 2145 1360 2234 esus
1379 2147 1484 2241 filio,
1519 2150 1747 2250 Principibus,
1782 2163 1823 2226 de
1848 2151 1951 2246 mense
1976 2153 2060 2238 Mem

422 2273 483 2352 que
500 2249 644 2350 singuiis
660 2252 717 2323 vei
739 2249 1003 2346 imperatoribus,
1031 2248 1197 2343 Regibus,

1285 2247 1347 2340 so,
1377 2255 1430 2322 ΙΙΙ,
1463 2253 1663 2330 indiibionc.

422 2354 593 2444 Ducibus,
614 2352 672 2447 seu
696 2351 961 2447 Principibusque
987 2347 1118 2442 concessa
1144 2351 1199 2421 vei
1229 2359 1261 2434 C
1340 2351 1471 2426 Vidisti
1496 2356 1745 2453 Gaireigrimam
1763 2357 1965 2433 Guaimurii
1994 2359 2060 2434 ῐῙῙ.

422 2456 612 2548 consternata
638 2477 705 2528 sam
725 2479 782 2550 por
807 2458 1011 2548 Preceprum‚
1039 2455 1134 2548 qubm
1154 2452 1199 2523 θ

421 2579 481 2660 per
509 2559 611 2632 Brcbe
630 2555 838 2654 sigillatum,
856 2557 912 2626 vei
930 2561 1102 2628 Carcasum
1129 2581 1194 2626 mu·

425 2661 556 2734 nimina
581 2656 640 2754 esse
664 2659 851 2745 videntur;
883 2657 942 2728 bac
967 2655 1120 2728 videlicet
1146 2682 1196 2729 ra·

424 2761 535 2852 tione,
570 2781 608 2832 us
643 2765 755 2833 amodo
781 2759 825 2829 «θ’
850 2759 937 2829 omni
962 2779 1096 2854 tempore
1119 2780 1197 2855 pars

420 2861 565 2963 predisii
602 2862 701 2951 vestri
740 2857 991 2958 Arcbiepiscopii
1016 2914 1028 2952 ‚
1070 2858 1196 2957 esusque

423 2965 577 3040 Rcbbores
612 2966 698 3062 ipsas
723 2963 919 3058 concessiones
943 2963 999 3034 vei
1034 2959 1197 3054 confirma·

423 3065 526 3140 riores
561 3093 687 3160 omnes,
723 3091 803 3166 quas
835 3066 998 3158 diximus,
1034 3063 1194 3158 habendi,

1287 2479 1456 2528 uxorem.
1484 2458 1636 2532 Prodere
1661 2483 1754 2531 nunc
1780 2459 1883 2556 juvat
1909 2485 2060 2536 uxorem

1289 2556 1487 2630 Guaimarii
1519 2563 1582 2632 IV.
1609 2583 1735 2654 nempe
1761 2563 1926 2630 Gemmam
1952 2576 2059 2633 antes

1290 2654 1379 2730 mihi
1410 2678 1661 2732 memoratam:
1701 2658 1804 2734 illius
1830 2659 1930 2734 enim
1958 2684 2058 2732 men·

1290 2757 1344 2831 tio
1370 2757 1416 2832 est
1451 2759 1490 2833 in
1526 2762 1639 2835 altero
1676 2759 1889 2860 Diplonrate
1927 2763 2059 2836 Mona·

1289 2858 1383 2936 sterii
1419 2861 1609 2955 Couenfis,
1645 2862 1706 2936 ubi
1743 2863 1779 2936 bt
1806 2863 1929 2938 videas
1958 2889 2058 2938 men·

1290 2961 1426 3037 tionem
1453 2965 1626 3062 Corporis
1657 2964 1779 3042 Sansti
1797 2963 1980 3054 Matthuei
1998 2967 2060 3053 Sec,

1290 3065 1431 3143 lernum
1458 3069 1647 3146 translati.

449 3297 688 3414 fiusimerii
720 3307 798 3390 lv.
829 3294 1017 3412 Principis
1047 3291 1287 3384 salernitani
1316 3293 1531 3414 Diplonm,
1561 3323 1630 3412 per
1658 3301 1767 3412 quod
1798 3306 1954 3386 Amato
1982 3305 2042 3408 11,

579 3419 833 3512 Suleroituno
864 3415 1192 3529 Archiepiscopo‚
1222 3411 1378 3528 ejusque
1411 3411 1632 3522 Ecclesiae,
1661 3411 1801 3504 omniu
1829 3414 1917 3531 jusu

857 3563 905 3620 ac
937 3539 1041 3617 bonu
1071 3531 1312 3641 confirmat,
1344 3539 1466 3618 Anno
1502 3561 1630 3646 ¹03²·

341 3843 347 3852 ,
474 3777 513 3846 N
543 3768 671 3843 nominc
705 3762 773 3840 Dei
796 3765 898 3838 eterni
930 3765 983 3838 U·
1015 3767 1202 3842 salvatoris

500 3871 595 3962 nosiri
611 3876 644 3966 J
643 3869 696 3964 esu
721 3867 861 3957 Christi.
887 3869 1086 3944 Waimarius
1107 3871 1198 3943 divi.

424 3978 472 4046 nd
504 3993 685 4074 protegente
720 3973 887 4046 ciemenrid
923 3976 1200 4068 Longobardorum

420 4079 531 4174 geneis
551 4081 725 4174 Princeps,
750 4077 943 4148 concedimus
966 4078 1012 4147 Θ·
1031 4075 1194 4168 confirma·

420 4205 498 4254 mus
511 4205 568 4274 per
585 4183 647 4252 boc'
659 4179 796 4262 nosbrum
814 4183 971 4253 roboreum
988 4184 1193 4274 Preceprnm,

424 4283 606 4378 annuloque
640 4289 740 4368 nostro
769 4279 957 4378 dignarum,
985 4282 1019 4352 in
1055 4279 1196 4364 Ecclesia

423 4385 515 4458 beare
541 4385 604 4456 Dei
635 4381 803 4478 genitricis
829 4385 874 4454 θ’
910 4383 1055 4478 Virginis
1083 4383 1195 4454 Mario

417 4487 531 4581 sanbie
555 4485 762 4560 salernitano
787 4485 903 4576 Sedis,
932 4485 966 4556 in
993 4513 1057 4581 qua
1083 4487 1193 4558 Dom-

424 4613 490 4664 nus
512 4585 867 4664 Amarus'secundos
892 4585 1107 4661 venerabilis
1126 4591 1190 4660 Ar·

1225 3768 1396 3871 D'jugis‚
1423 3767 1549 3858 omnia,
1576 3787 1636 3869 que
1666 3771 1851 3872 antiquitus
1884 3775 1922 3849 in
1947 3777 2060 3849 eadem

1269 3849 1392 3976 [sanda
1417 3869 1558 3958 Ecclefia
1593 3871 1724 3970 concesse
1743 3877 1846 3970 sune,
1875 3878 1919 3949 Θ
1945 3878 2055 3950 oblata

1281 3973 1430 4063 suerunt,
1457 3975 1502 4044 (9'
1537 3976 1667 4062 omnia,
1692 4003 1751 4076 que
1786 4000 1920 4076 tempore
1955 3977 2054 4072 ipsius

1279 4075 1399 4174 presari
1420 4077 1539 4148 Domni
1558 4081 1681 4152 Amasi
1701 4079 1897 4152 venerabilis
1913 4076 2053 4148 Archio-

1278 4180 1399 4276 piscopi
1434 4178 1469 4249 in
1497 4176 1566 4276 ipsa
1588 4181 1704 4273 saniba
1730 4179 1870 4264 Ecclefia
1901 4175 2052 4274 possidere

1280 4307 1317 4354 ac
1341 4280 1504 4353 dominare
1536 4282 1710 4354 videmur.
1747 4281 1878 4376 insuper
1912 4279 2054 4352 concedi·

1281 4411 1370 4476 mus,
1391 4404 1429 4455 us
1451 4385 1578 4476 omnia,
1599 4407 1657 4481 quc
1676 4381 1741 4476 ipse
1760 4381 1927 4479 predibbus
1952 4389 2053 4456 Domn'

1280 4512 1341 4558 nus
1375 4493 1520 4560 nmmos
1551 4483 1749 4558 venerabilis
1787 4485 2051 4583 Arcbiepiscopus

1279 4590 1324 4660 ad
1342 4589 1399 4682 sui
1418 4588 1601 4686 poresbarem
1625 4587 1670 4658 (9²
1692 4614 1828 4680 manus,
1849 4589 1894 4660 Θ·
1915 4587 2048 4680 cunsba,

425 4691 670 4792 rhiepiscopus
690 4689 810 4789 pressi,
832 4688 877 4760 <9¹
901 4690 934 4758 in
960 4688 1100 4768 Eccleda
1122 4693 1191 4761 bea·
1222 4693 1253 4764 E
1279 4715 1337 4786 que
1363 4691 1398 4762 in
1418 4692 1477 4784 suo
1505 4690 1635 4764 cellario
1668 4691 1725 4762 oei
1751 4716 1834 4763 orreo
1868 4687 2051 4786 congregari

422 4787 454 4858 si
476 4795 626 4882 Apostoli
647 4795 692 4864 (9⁶
718 4790 932 4890 Evangebisbe
953 4791 1119 4882 Mambri,
1144 4817 1193 4863 cu·

422 4885 483 4984 jus
505 4895 623 4986 Corpus
644 4894 839 4990 veracissime
861 4893 998 4966 obtinere
1020 4893 1195 4984 credimus,

421 5009 481 5090 pru
508 4991 608 5077 nostro
633 5001 765 5072 remedio
789 4997 917 5082 anime,
934 5016 994 5092 per
1016 4997 1197 5085 obsecratio·

421 5119 497 5171 nrm
523 5096 677 5202 Gemme
711 5097 922 5203 Principiffe
948 5095 1079 5176 ousae
1114 5123 1198 5196 cong

1280 4791 1400 4885 solens,
1427 4817 1525 4891 neque
1548 4815 1606 4890 per
1630 4800 1834 4890 Preceprum,
1861 4817 1959 4888 neque
1992 4813 2049 4888 per

1277 4895 1463 4968 violenciam
1488 4901 1529 4968 de
1554 4895 1647 4968 iilius
1668 4895 1818 4994 poresiare
1842 4895 1885 4965 (9·
1906 4892 2051 4970 dominio

1277 4999 1478 5072 minuentur.
1502 4997 1692 5096 ,Quicunque
1716 5017 1821 5069 aurem
1840 4999 1909 5094 posi
1934 5025 1967 5071 oc
1992 5023 2048 5071 no·

1305 5127 1375 5206 mm
1408 5101 1568 5181 roboreum
1600 5107 1784 5201 Preccprum
1816 5127 1856 5206 su
1880 5101 2043 5195 omnibus,

1937 5225 1995 5302 Ψ.
