4626 6152
328 505 410 590 525
630 466 1204 562 DISSERTATIO
1255 467 1534 557 SEXTA·
1747 481 1835 588 326

266 609 346 670 tur.
378 590 555 666 Pollremo
590 592 732 664 tandem
760 590 842 663 loco
874 585 1026 661 animad·
1064 603 1097 674 A
1126 613 1234 689 quam
1269 585 1476 662 Bonifatius
1511 613 1584 666 non
1619 617 1698 665 raro
1724 594 1784 664 vel
1820 587 1893 676 poll

226 683 233 700 ’
268 695 477 768 vertendum
498 693 566 784 est,
584 691 735 766 Tusciae
758 689 1030 766 marchionibus
1126 692 1288 788 adeptam
1307 687 1460 763 Tusciae
1482 686 1674 783 dynastiam
1700 718 1772 766 uno
1795 696 1894 764 Mar·

269 797 371 871 Ducis
396 821 537 894 quoque
564 793 839 894 appellationem
867 818 909 865 ex
937 812 1029 865 vete·
1124 793 1245 864 ebionis
1272 791 1384 866 titulo
1411 787 1600 888 inscriptus
1627 811 1812 882 occurrat,
1838 815 1894 867 at.

236 889 239 896 ⁵
269 898 301 974 ri
327 897 550 972 institutione
576 915 776 968 manantem
802 895 838 970 in
865 891 927 966 usu
951 891 1033 966 fuis·
1127 911 1246 968 tamen
1267 891 1365 993 saepe
1380 893 1535 964 necate»
1552 917 1694 989 quoque
1713 890 1893 968 adhibuis-

270 999 325 1076 se:
356 999 454 1098 cujus
479 995 530 1096 rei
557 997 719 1092 exempla
746 1021 816 1068 non
843 1021 911 1068 una
937 997 971 1070 δι
999 1001 1060 1066 e·'
1128 995 1159 1068 se
1194 993 1491 1092 deprehenditur.
1528 995 1614 1068 Nota
1650 992 1769 1092 pigeat
1811 993 1891 1068 heic

271 1127 318 1202 go
346 1097 499 1194 protuli.
525 1097 641 1192 Atqui
667 1097 870 1188 Bonifatium
892 1093 1032 1194 ejusque
1125 1094 1316 1170 Lefiorem
1335 1097 1459 1170 oculor
1483 1111 1688 1168 convertere
1711 1094 1753 1167 ad
1778 1095 1892 1170 Chat·

273 1207 412 1277 Patrem
449 1224 490 1270 ac
525 1203 649 1270 Auum
688 1197 727 1272 in
762 1196 1034 1296 quamplurimis
1125 1217 1198 1270 tam
1236 1195 1388 1286 Placiti,
1415 1221 1523 1296 quam
1558 1221 1651 1269 nunc
1688 1195 1890 1294 primumi

272 1297 513 1376 monumentis
539 1317 622 1372 ante
647 1303 792 1374 Annum
819 1301 1033 1372 mxxxiv.
1128 1298 1280 1373 tenebris
1298 1298 1431 1398 eripere
1456 1297 1582 1400 juvat,
1598 1296 1690 1370 olim
1713 1299 1733 1370 l
1755 1323 1811 1370 nte
1831 1297 1890 1370 de·

272 1401 475 1474 Marrhimes
513 1401 655 1498 quidem
692 1403 888 1499 appellatos
922 1400 1030 1472 cerni·
1128 1399 1291 1498 scriptam
1319 1403 1437 1475 Lucae
1463 1425 1509 1473 ex
1538 1397 1701 1473 Archivo
1724 1397 1891 1500 Capituli

274 1527 374 1594 mus,
394 1526 573 1600 nunquam
591 1507 678 1578 uero
696 1508 821 1578 Duces.
846 1505 895 1576 Et
912 1523 1034 1601 quam·
1060 1503 1090 1574 B
1126 1501 1392 1576 canonicorum
1418 1499 1652 1576 Lucentum.

277 1731 474 1822 Placitum
507 1734 530 1820 ir
562 1735 742 1823 Cadaloo
773 1736 870 1854 (qui
901 1739 1029 1854 poliea
1059 1732 1135 1823 suit
1160 1729 1388 1850 Antipapa)
1420 1730 1732 1819 Cancellario&
1768 1733 1894 1824 Milio

396 1857 650 1964 Imperatoris
681 1857 857 1942 Conradi
893 1863 923 1942 1.
955 1853 1136 1942 habitum
1168 1855 1210 1940 iu
1242 1851 1450 1940 Comitatu
1486 1853 1670 1948 Luceofi,
1701 1851 1770 1942 ubi

455 1972 668 2059 Canonicis
698 1973 831 2060 Sanfli
864 1973 1033 2061 Martini
1074 1971 1319 2082 adjudicatur
1350 1967 1519 2086 polleffio
1550 1965 1715 2058 Catelli

787 2094 1052 2202 controvers,
1081 2093 1208 2176 Auno
1240 2092 1367 2202 1038.

291 2311 294 2318 ’
375 2328 435 2396 Um
461 2321 496 2394 ir
521 2324 590 2396 Dei
614 2323 738 2396 romine
763 2326 850 2418 infra
874 2327 1036 2400 Comiraru
1133 2378 1159 2415 „
1185 2325 1224 2397 lo
1250 2319 1329 2397 lilio
1361 2322 1454 2398 lione
1487 2321 1658 2399 memorie
1683 2318 1894 2400 Leidavitoi

401 2426 536 2517 lucense
561 2426 595 2496 irr
620 2431 705 2513 laer,
731 2454 793 2524 que
813 2428 933 2501 dieitur
959 2431 1032 2502 Via·
1133 2480 1158 2516 ,‚
1185 2426 1243 2524 jo,
1269 2425 1332 2522 qui
1361 2425 1463 2498 nobis
1489 2427 1524 2497 δι
1554 2425 1598 2497 ad
1628 2426 1708 2499 aliia
1735 2423 1894 2500 Canoni-

272 2526 409 2616 vinari,
444 2526 532 2597 imur
557 2532 654 2598 Curre
686 2530 866 2602 domnicata
901 2529 1035 2604 Domni
1133 2579 1158 2616 „
1185 2525 1236 2598 cir
1260 2523 1495 2600 confratribus
1517 2519 1640 2600 nostris
1663 2527 1705 2600 de
1729 2553 1807 2628 pars
1825 2529 1893 2599 Ec·

273 2623 449 2698 Bonifatii
477 2627 645 2700 Marchio
670 2627 705 2698 ἀ
734 2631 839 2720 Dux,
870 2655 931 2730 per
956 2630 1035 2704 data
1068 2619 1103 2690 C
1132 2679 1157 2716 „
1185 2623 1305 2699 elestae
1320 2626 1503 2702 Canonice
1517 2627 1635 2701 Sanfii
1652 2628 1804 2702 Martini
1820 2653 1893 2702 ma·

274 2725 423 2798 licentia
446 2727 578 2798 Domni
603 2727 760 2802 conradi
788 2731 1036 2829 Imperatoris,
1132 2779 1157 2816 „
1184 2730 1222 2799 lo
1247 2726 1407 2801 ordinem
1435 2729 1602 2804 contendi
1630 2731 1664 2803 ἃ
1697 2725 1893 2807 contradici

275 2825 332 2920 qui
355 2823 401 2895 ibi
423 2829 556 2915 aderat,
580 2826 756 2921 injudicio
778 2831 921 2918 refiderrr
939 2839 1030 2906 Dom
1133 2881 1158 2918 ‚,
1184 2832 1314 2901 Monte
1339 2831 1374 2900 ἂ
1403 2829 1515 2930 Pugio
1542 2829 1600 2904 seo
1623 2830 1778 2905 Casltllo
1803 2833 1893 2919 illo,

275 2950 336 2995 rius
368 2924 571 2999 Kadelohus
597 2931 841 3006 Cancellaritra
875 2933 910 3003 ἃ
946 2934 1033 3009 Mis·
1132 2980 1157 3017 ri
1184 2929 1247 3026 ‘lul
1274 2927 1342 3002 esse
1364 2929 1506 3004 Videtur
1531 2931 1571 3004 in
1596 2933 1680 3004 10⁶0
1700 2933 1735 3003 ἃ
1763 2929 1893 3007 finibus

274 3021 330 3098 sus
355 3026 400 3096 ad
420 3024 551 3116 justiria
570 3028 724 3117 facienda
749 3059 785 3103 rc
806 3033 1034 3126 deliberande,
1132 3082 1157 3117 ‚‚
1186 3030 1325 3130 Rogio‚
1361 3055 1441 3104 cum
1477 3032 1643 3106 omnibus
1669 3029 1750 3104 calis
1776 3033 1811 3104 δε
1842 3059 1895 3110 re·

273 3121 411 3216 edesseni
428 3153 496 3197 cum
515 3151 548 3197 rr
564 3129 768 3220 «Adelfrrdrrs
783 3134 955 3232 Episcopus
972 3143 1032 3210 Be.
1134 3183 1158 3219 „
1186 3131 1248 3204 bus
1274 3130 1372 3225 illis,
1401 3131 1464 3230 qui
1491 3135 1556 3208 else
1582 3133 1748 3208 videntur
1774 3131 1811 3206 in
1840 3131 1894 3210 su·

273 3225 421 3312 laniersts
446 3228 601 3320 Eccteste‚
629 3235 804 3306 Berraidus
828 3243 957 3329 Comes,
993 3243 1037 3310 (9·
1134 3283 1158 3319 ,,
1186 3231 1379 3332 prascripto
1413 3235 1494 3306 loco
1527 3235 1562 3306 dt
1592 3231 1725 3307 finibus
1752 3235 1893 3334 Rogio,

272 3329 475 3400 Adaiberrus
493 3337 622 3421 Comes,
641 3335 844 3408 Adaiberrur
859 3345 892 3431 J
892 3343 973 3411 ridear
994 3341 1037 3411 (7
1130 3385 1157 3422 „
1183 3359 1269 3431 quaa
1304 3335 1395 3407 bone
1431 3334 1601 3410 memorie
1631 3334 1775 3409 Raineri
1812 3333 1892 3412 filio

272 3435 444 3518 Auream,
482 3431 662 3506 Flaiberto
696 3435 809 3524 Judex
833 3441 869 3511 ἃ
896 3445 1033 3516 Aroca·
1129 3485 1153 3522 ir
1181 3435 1271 3508 50⁰⁸
1299 3435 1470 3509 ‘nemsi‘
1497 3435 1653 3510 Roffrtdi
1690 3463 1750 3536 Per
1776 3457 1891 3512 ‘aftu-

273 3545 313 3602 to
351 3527 484 3602 Domni
516 3531 688 3608 Bonifatii
719 3539 948 3633 Marchioni‚
975 3551 1034 3635 Jo·
1069 3529 1106 3598 D
1128 3585 1153 3622 ‚,
1179 3537 1213 3608 la
1249 3534 1450 3610 offertionis
1483 3537 1563 3612 dedi
1598 3539 1633 3610 dt
1669 3535 1738 3611 feci
1774 3536 1891 3635 supra·

273 3629 395 3716 binni,
424 3635 590 3724 Roimdi,
619 3639 776 3722 Gerardi,
814 3645 949 3733 Weidi,
975 3653 1036 3716 ori.
1128 3635 1309 3734 „scripte
1343 3637 1495 3712 Eccleste
1525 3641 1559 3714 ἃ
1588 3639 1772 3714 Canonice
1806 3643 1892 3714 San·

273 3729 409 3800 delberti
421 3733 597 3819 judicibus
615 3737 708 3804 Sacri
731 3742 879 3832 Palatii,
901 3749 1038 3817 Bemar·
1129 3789 1156 3826 r,
1181 3737 1231 3814 &i
1259 3739 1435 3832 Martini,
1458 3738 1545 3816 licut
1570 3741 1610 3816 in
1636 3739 1791 3838 predista
1818 3766 1893 3815 car.

275 3829 313 3900 rii
338 3829 514 3945 morarius,
541 3839 656 3903 Petrus
681 3833 762 3926 filio
793 3843 871 3912 hone
897 3847 1044 3918 memorie
1129 3889 1154 3926 „
1181 3842 1256 3914 tula
1276 3841 1430 3942 legitur3
1451 3843 1544 3918 unde
1562 3867 1627 3916 vos
1646 3845 1894 3916 DomnusKa·

274 3928 398 4018 Pausi,
422 3931 594 4026 Teoderr'go
608 3932 708 4023 filius
730 3939 810 4008 bone
831 3949 974 4018 memorie
994 3950 1036 4020 ll·
1129 3989 1154 4026 rr
1180 3939 1328 4014 detohue
1350 3943 1593 4016 cancellarius
1616 3943 1742 4016 Missus
1767 3943 1892 4040 epislo·

275 4029 454 4117 retrardi,
468 4035 583 4101 Petrus
596 4033 768 4122 fitiobrre
787 4045 929 4116 memorie
945 4053 1036 4119 Wer·
1129 4091 1154 4128 ,,
1181 4041 1215 4112 la
1235 4065 1279 4114 ex
1300 4041 1408 4116 veslra
1427 4063 1524 4138 parte
1544 4044 1587 4116 ad
1606 4067 1683 4116 eum
1705 4044 1892 4120 direx

277 4131 366 4220 neri,
393 4133 533 4204 Gererdo
552 4131 629 4224 filio
654 4139 732 4206 lione
757 4143 899 4214 memorie
924 4146 1038 4231 Crr'sir-
1129 4190 1153 4228 ,‚
1182 4140 1359 4216 Placitum
1387 4140 1579 4218 vociferare
1611 4141 1749 4233 fecisse,
1784 4147 1817 4218 dt
1849 4148 1891 4222 ad

270 4231 368 4323 farai,
406 4234 449 4303 θ
474 4233 605 4330 reliquis
636 4237 775 4334 piures,·
809 4242 916 4342 ibique
939 4273 1041 4319 eorum
1127 4292 1154 4329 ,,
1179 4241 1328 4318 vellrum
1366 4244 1545 4318 Placitum
1580 4244 1743 4337 venisl'e,
1778 4247 1813 4320 dt
1849 4247 1893 4324 do

276 4354 432 4402 verterunt
467 4337 636 4430 presenrr'is
673 4345 740 4412 Leo
780 4343 956 4420 Presbr'tero
997 4350 1040 4420 θ
1128 4394 1153 4432 „
1205 4343 1339 4419 tedldlo
1365 4347 1495 4421 Monte
1522 4351 1557 4420 &
1596 4346 1709 4446 Pugio
1737 4345 1795 4421 seo
1822 4351 1892 4428 Ca·

275 4437 439 4528 Stephana
471 4438 646 4556 Prerbirem
672 4443 715 4512 Θ·
741 4449 911 4521 Lambem
936 4450 1037 4522 Cleri·
1063 4421 1093 4495 Ε
1127 4495 1154 4534 ‚‚
1180 4373 1279 4520 dello
1302 4473 1383 4522 cttm
1409 4447 1577 4525 oinnlbtts
1599 4449 1738 4523 casis&
1766 4447 1892 4540 reluta,

275 4557 330 4622 cr,
358 4533 410 4650 ,ti
434 4539 572 4631 .2{ghmo
596 4543 744 4632 Clerici,
780 4547 937 4621 Caroniri
958 4551 1038 4622 ordi·
1129 4598 1153 4637 ,,
1180 4547 1242 4645 qui
1279 4547 1317 4622 in
1353 4547 1553 4644 supraditto
1580 4551 1661 4624 loco
1688 4551 1724 4621 lit
1761 4545 1893 4624 finibus

277 4635 438 4754 wlff
477 4639 618 4718 Eri-lesa
653 4647 697 4714 o*
732 4651 896 4722 Camerini
928 4649 1045 4726 sanni
1129 4700 1153 4738 ‚‚
1182 4649 1299 4748 Rogio
1323 4651 1389 4726 elle
1410 4652 1552 4728 uidetur
1572 4649 1699 4726 exinde
1722 4651 1835 4752 legem
1854 4653 1893 4726 &

277 4739 423 4807 Mamm
449 4740 618 4830 Lucenses,
653 4771 719 4818 rire
743 4775 812 4820 nrm
838 4751 1038 4828 Baerrr'A·
1129 4801 1154 4840 „
1181 4751 1350 4852 jullitiam
1391 4751 1538 4846 fecitte,
1574 4755 1609 4826 dr
1646 4751 1797 4826 minime
1831 4779 1892 4828 eos

277 4857 390 4908 vorem
412 4865 536 4914 rorum.
573 4848 731 4940 ceperum
756 4851 858 4924 elicere
881 4882 920 4926 ae
946 4856 1041 4929 reela·
1129 4851 1498 4946 ,‚l1aberepotuisti.
1537 4853 1638 4928 Unde
1665 4854 1891 4951 querimusa

278 4963 365 5010 mare
381 4941 427 5012 ed
444 4942 656 5042 suprascripto
675 4954 922 5026 Canceliariur:
938 5012 963 5048 „
983 4955 1041 5056 jan
1129 5007 1154 5044 „
1180 4979 1268 5046 voa,
1293 4957 1454 5032 Domnur
1477 4955 1719 5032 Cancellariua
1741 4957 1776 5030 &
1801 4954 1893 5048 Mis·

279 5091 305 5130 „
332 5040 446 5136 plures
472 5041 566 5118 vices
593 5051 864 5129 reclamavimus
889 5055 933 5130 ad
958 5085 1045 5150 vos,
1130 5111 1154 5146 ,‚
1182 5053 1259 5146 fur,
1281 5075 1320 5130 ut
1347 5083 1411 5131 vos
1436 5083 1498 5153 pro
1524 5055 1591 5130 nei
1615 5059 1791 5132 amore&
1815 5057 1893 5132 ani·

279 5191 306 5230 n
334 5143 495 5222 nonnus
520 5151 764 5232 cancellarius
789 5155 833 5234 de
855 5159 1044 5238 Baroncel-
1129 5210 1155 5253 „
1180 5183 1238 5235 me
1258 5159 1395 5238 Domai
1415 5157 1665 5262 Imperatoria,
1690 5157 1756 5236 hac
1781 5158 1892 5238 veslra

1697 5317 1724 5360 2,
1751 5290 1841 5342 mer·
