4628 6150
335 476 423 576 465
662 455 1177 546 DlSSERTATIO
1230 457 1502 545 SEXTA.
1662 418 1829 572 ''466

276 577 373 656 telam
400 577 513 682 Regni
539 603 618 678 pars
638 577 853 668 habebatur,
876 577 1046 671 Tusciam,
1076 581 1112 654 A
1141 594 1258 668 tores,
1285 575 1380 676 quod
1407 574 1521 652 sotum
1549 591 1739 678 poterant,
1767 573 1911 652 consueti

279 683 434 777 ltaliam,
461 685 498 757 in
536 708 605 781 qua
639 682 911 771 Mediolanum,
937 682 1047 778 spole-
1142 677 1303 753 tudinem
1331 679 1553 754 retinuerunt
1578 679 1774 781 largiendi,
1794 677 1816 753 st
1839 703 1911 752 non

279 805 370 877 eum,
396 787 432 858 ἀ
458 787 571 858 Maris
597 786 732 876 Litora,
759 783 797 858 in
824 782 951 882 quibus
978 785 1046 856 Ge·
1142 804 1239 874 rem,
1266 781 1390 855 saltem
1417 782 1586 856 'situlum
1614 781 1786 886 ejusmodi
1813 784 1913 855 Mat·

278 911 371 960 nua.
400 890 453 960 Ita
478 888 515 958 in
540 888 772 974 Constitutione
792 887 995 981 promotionis
1018 909 1048 954 e·
1143 883 1314 975 charum,
1341 911 1413 982 quo
1441 885 1538 960 suum
1562 887 1621 987 ,jus
1656 887 1775 984 aliqua
1803 884 1915 958 ratio·

282 991 416 1058 euerritur
453 989 631 1061 Ludouiei
669 993 716 1061 tt.
754 987 903 1087 Augusti
940 993 1049 1058 Anno
1144 1011 1187 1059 ne
1225 985 1387 1059 illaesum
1424 987 1792 1062 terraemotus
1830 990 1913 1060 verb

278 1092 554 1164 DCCCLXVI.
577 1116 680 1188 quam
709 1088 932 1190 Peregrinius
951 1093 1047 1162 evul·
1142 1111 1200 1158 rne
1221 1086 1258 1159 in
1277 1087 1341 1160 bac
1359 1077 1532 1162 sententia
1553 1088 1779 1165 confirmauit
1792 1147 1802 1182 ,
1817 1086 1914 1186 quod

279 1190 383 1292 gavit
408 1190 695 1288 (uide'i'ontunt
723 1194 767 1264 ΙΙ.
790 1197 868 1263 Rer.
895 1188 1049 1262 Italicar.
1112 1187 1260 1283 ,postea
1295 1189 1508 1287 deprehendi
1544 1191 1582 1264 in
1618 1196 1731 1266 altero
1757 1191 1913 1294 ejuldem

284 1319 362 1392 pag.
386 1295 503 1388 264.)
529 1293 815 1394 adtolligendos
839 1317 878 1364 ac
906 1317 1049 1364 moven·
1143 1290 1320 1364 friderici
1357 1295 1384 1364 I.
1413 1291 1622 1392 Diplomate
1657 1294 1849 1394 archetypo
1879 1321 1915 1367 a·

281 1394 348 1466 dos
372 1399 512 1467 milites
540 1393 704 1484 praeludii
736 1395 904 1468 dicuntur
931 1394 965 1463 iu
993 1393 1051 1463 Li·
1145 1393 1212 1489 pud
1238 1392 1383 1467 Clariis.
1408 1393 1538 1468 Virum
1568 1394 1815 1469 Martinianum
1841 1395 1916 1470 Sci·

288 1517 354 1568 tore
374 1498 484 1568 italico
507 1498 522 1588 l
535 1496 619 1570 idest
643 1499 680 1570 in
707 1495 812 1568 litote
836 1493 946 1568 Inferi
973 1497 1051 1566 Ma·
1080 1492 1112 1563 B
1145 1494 1289 1592 pionem
1317 1495 1535 1595 Maffejum,
1555 1496 1768 1572 eruditionis
1804 1498 1914 1572 etiant

284 1597 360 1694 ris)
386 1597 608 1689 Ermefriuus,
628 1600 784 1684 Macedo,
799 1603 848 1668 (ν
868 1595 1053 1688 vulferius.
1145 1595 1347 1696 hujusmodi
1366 1601 1541 1672 cultorem
1557 1599 1757 1701 egregium.
1778 1601 1830 1674 lbi
1849 1607 1915 1672 Br-

283 1703 408 1796 Atque
425 1727 467 1772 en
484 1703 577 1798 quod
597 1700 719 1776 Litori
739 1701 795 1772 nti
814 1703 942 1772 italico
958 1704 1050 1772 Mar·
1113 1733 1116 1742 ¹
1146 1699 1298 1792 ursacium
1320 1700 1478 1770 Comitem
1506 1719 1546 1773 de
1579 1703 1698 1775 Soulia
1724 1705 1914 1795 Bonifatio,

280 1801 371 1873 chiae
392 1826 525 1874 nomen
551 1803 711 1876 inditum
736 1803 894 1875 tamdem
924 1795 1053 1888 luerit,
1144 1799 1361 1896 Malregolati
1396 1803 1531 1874 Cannis
1549 1800 1685 1896 filium,
1715 1805 1914 1878 fridericus

282 1927 356 1976 nou
392 1903 577 1978 immerita
614 1907 657 1978 ab
686 1903 881 1998 Anonymo
915 1907 1050 1974 Rauen·
1145 1901 1238 1972 idem
1275 1901 1452 2001 Augustus
1488 1907 1640 1976 Comitem
1677 1911 1814 1978 Veronae
1848 1907 1915 1982 etse

282 2024 367 2076 nate
393 2027 610 2079 memoratur
634 2003 809 2076 ¹Provincia
834 2005 997 2076 maritima
1023 2008 1050 2075 i·
1145 2003 1265 2101 jubet,
1281 2029 1438 2102 eumque
1460 2005 1505 2078 de
1529 2005 1629 2080 illius
1657 2010 1765 2080 Urbis
1790 2009 1917 2082 Conti-

283 2107 444 2198 ealorunu,
471 2137 550 2204 quoe
574 2111 693 2179 dieitur
724 2106 899 2196 Lunensis,
928 2107 971 2175 (a
992 2115 1066 2200 que'
1145 2122 1222 2176 tatu
1240 2103 1411 2195 inv-ellit,
1431 2109 1603 2181 nonnulla
1624 2108 1698 2208 juta
1718 2135 1758 2182 ac
1781 2110 1916 2184 tributa
2035 2153 2040 2184 ι

282 2209 452 2298 confinalis
477 2209 582 2294 existo
606 2214 651 2279 dr
671 2209 889 2306 suprascripta
914 2208 1050 2278 Pronin·
1148 2201 1330 2305 Dignitati
1358 2206 1473 2280 eidem
1503 2209 1660 2300 adnexa,
1686 2208 1855 2308 imulque
1881 2237 1917 2285 a·

283 2309 355 2392 eia,
391 2333 486 2383 nune
518 2321 557 2382 la
592 2317 788 2404 Provrnza.
825 2308 1067 2382 Mancharum'
1145 2303 1213 2379 tias
1249 2310 1449 2408 complures
1481 2313 1637 2402 Terras,
1665 2311 1846 2396 Comitis,
1876 2329 1916 2387 ut

283 2409 537 2494 Mediolanenlis
560 2415 594 2484 8<
614 2411 788 2496 Genuenfis
808 2437 883 2483 non
905 2411 1054 2483 dubium
1079 2415 1117 2488 ·C
1142 2428 1258 2508 φυῐο,
1294 2411 1503 2500 allodialeS,
1529 2411 1644 2485 eidem
1679 2411 1915 2489 confirmem.

285 2510 405 2584 testem
435 2513 644 2610 jampridem
674 2513 781 2586 attuli
812 2517 887 2587 Par.
913 2516 941 2586 i.
962 2515 1055 2611 Cap.
1141 2511 1374 2603 Canonium,
1410 2512 1553 2610 inquit,
1589 2515 1783 2588 Comitarum
1812 2521 1918 2594 ,Vero-

288 2617 352 2686 vt.
381 2615 604 2713 Antiquitat.
628 2613 757 2688 Eiieus.
779 2613 850 2700 ¹itoc
874 2613 921 2688 est
946 2611 1054 2688 Char·
1115 2700 1119 2714 ι
1147 2611 1290 2710 inensem,
1311 2615 1363 2683 Θ·
1385 2616 1517 2704 amnia,
1538 2641 1623 2713 vquae
1652 2621 1697 2689 ad
1720 2619 1917 2690 caminatum

288 2731 386 2803 tarn,
406 2710 501 2790 inter
519 2743 581 2791 eas
603 2717 844 2807 referendam,
862 2739 955 2814 quae
978 2722 1069 2788 Bru-2
1116 2766 1119 2776 ·
1142 2715 1328 2810 pertinent,
1356 2715 1401 2783 ἔθ’
1426 2719 1532 2790 omnia
1551 2719 1712 2806 Misteria
1738 2719 1752 2815 (
1765 2719 1857 2794 unde
1883 2721 1917 2793 1·

287 2815 369 2906 via,
393 2836 454 2890 aut
469 2821 615 2892 chaun
630 2819 855 2891 acremotionis
872 2819 1053 2913 appellatu-
1146 2815 1254 2888 natica
1281 2843 1355 2889 unx
1383 2819 1530 2906 Meflieri
1541 2875 1552 2912 ,
1572 2847 1649 2917 vqun
1676 2820 1821 2894 nomine
1845 2825 1917 2894 Ar·

287 2931 371 2988 tura
398 2916 567 3009 ‘hoc-est,
589 2947 683 3017 quae
713 2945 783 2992 non
821 2919 901 2992 sunt
931 2919 1053 3016 Diplo·
1118 2933 1199 3020 'tes
1237 2911 1497 3016 significamus,
1535 2921 1706 2994 videlicet
1744 2921 1915 2997 converso

288 3041 347 3089 tna
367 3017 583 3118 Imperiale,
608 3021 663 3093 led
689 3020 958 3094 instrumentum
981 3023 1051 3094 No
1146 3017 1292 3091 nomine
1318 3019 1538 3108 Minr'flrrium
1562 3021 1602 3094 in
1631 3022 1841 3122 Mislerium)
1868 3025 1914 3094 (θ’

286 3115 374 3190 narii
411 3119 592 3214 testantis,
629 3125 883 3222 imperatorem
916 3119 1057 3219 aliquid
1118 3111 1252 3214 ¹officia
1282 3141 1352 3191 tarn
1377 3125 1416 3192 de
1441 3129 1534 3198 Scala
1569 3123 1721 3216 Maiori,
1748 3129 1843 3222 quim
1874 3127 1914 3196 de

287 3217 417 3319 egilie.
447 3226 573 3320 Neque
600 3224 696 3297 enim
718 3251 767 3298 eo
795 3223 871 3322 ipso
894 3249 1053 3296 momen·
1122 3220 1257 3315 'Officio
1280 3223 1435 3311 Pistorurn
1459 3227 1503 3295 dl·
1527 3228 1793 3317 Manilianorum,
1813 3227 1858 3297 (θ’
1876 3249 1913 3298 ut

288 3339 350 3414 to,
371 3349 447 3419 quo
476 3323 681 3399 investitura
706 3323 856 3426 aiicujus
880 3326 930 3398 rei
956 3325 1053 3397 daba·
1085 3334 1121 3402 -D
1149 3321 1182 3394 in
1213 3325 1390 3420 praediliis
1419 3325 1548 3418 Officiis
1581 3329 1835 3426 delinquentium
1869 3332 1914 3401 ad

288 3443 349 3497 tur
375 3425 412 3497 in
441 3428 550 3500 Curia
580 3433 738 3529 Regum,
766 3430 938 3527 ‘Diplotna
968 3453 1059 3524 quo·
1145 3425 1391 3522 eumpenineat
1412 3429 1568 3515 distrlnr'a
1593 3430 1660 3502 &a
1688 3431 1732 3501 Θ
1748 3429 1810 3525 jus
1830 3455 1913 3501 cum·

282 3551 356 3627 que
383 3530 635 3624 expediebatur
663 3534 681 3602 a
709 3529 1053 3605 Cancellario.1ta·
1145 3525 1312 3622 pararini,
1340 3527 1480 3624 aliaque
1507 3530 1605 3630 juro,
1630 3555 1723 3628 quae
1749 3531 1841 3604 olim
1870 3529 1912 3603 ad

286 3655 357 3725 que
383 3657 424 3702 ex
455 3659 493 3702 ea
522 3631 655 3704 Chatta
691 3632 953 3732 intellig'itnuS,
976 3631 1056 3705 tri.
1147 3627 1332 3701 Comitem
1366 3629 1478 3703 Urbis
1515 3631 1742 3729 spediabant.
1780 3635 1913 3706 Datum

286 3730 446 3799 derisum
488 3737 512 3802 l.
542 3737 794 3828 Imperatorem
825 3741 933 3806 Anno
965 3737 1052 3807 MC·
1148 3733 1194 3802 en
1219 3727 1286 3803 hoc
1312 3731 1550 3832 Priviiegiurn
1579 3737 1688 3806 Anno
1720 3737 1914 3810 Mthtv.

290 3833 495 3904 Lxxtttv.
527 3833 669 3924 Olizoni
707 3837 893 3906 Marrhiuoi
933 3836 1059 3923 Estenfi
1123 3851 1254 3926 atque
1278 3831 1368 3904 iilud
1394 3834 1486 3907 idem
1514 3835 1704 3908 abeodem
1730 3835 1915 3910 Frideticn

289 3929 439 4005 titulum
457 3933 652 4030 conceiitlie
669 3935 896 4008 In·³essirurae
909 3941 945 4006 de
961 3943 1055 4012 Mar·
1144 3931 1395 4005 confirmatum
1418 3934 1562 4008 subinde
1584 3935 1656 4009 tuit
1677 3943 1779 4008 Sauro
1798 3939 1917 4009 Comiti

288 4035 363 4106 ania
387 4041 537 4118 Genuae,
558 4037 602 4105 Θ
618 4038 660 4106 ele
680 4037 830 4110 Mara-hia
852 4039 1056 4129 Mediolani,
1148 4037 1188 4104 de
1202 4035 1318 4107 sauna
1330 4035 1494 4126 Bonisucio
1508 4042 1613 4108 Anno
1625 4032 1913 4114 MCLxxvltt.

289 4137 344 4210 uti
375 4139 442 4232 iarn
477 4138 562 4210 aliis
590 4137 875 4212 antecedentibus
910 4139 1056 4214 Elienlis
1148 4161 1188 4238 ac
1216 4137 1341 4210 deinde
1376 4139 1395 4208 d
1427 4137 1606 4211 friderico
1634 4143 1680 4211 li.
1709 4141 1915 4215 Comitibua

289 4241 465 4313 Familiae
502 4239 798 4328 Marchinnibns,
836 4257 896 4312 aut
932 4239 1055 4315 saltem
1093 4244 1134 4314 E*
1169 4236 1301 4340 jusdem
1318 4237 1459 4312 illustria
1473 4238 1803 4340 temulantiaque
1821 4270 1913 4332 prae·

288 4341 430 4413 Azznni
460 4346 504 4414 ΙΙ.
528 4344 602 4438 ejus
627 4347 734 4426 Avo,
763 4343 956 4416 concutiunt
983 4342 1054 4418 fue·
1147 4340 1686 4420 termittendunr.Bnnisacium
1703 4343 1806 4417 illurn
1820 4345 1913 4416 Mal·

285 4461 360 4514 rat.
392 4442 476 4516 Alia
518 4445 670 4540 ejusdem
697 4443 883 4517 Marc'hiae
912 4445 1055 4544 vestigia
1145 4445 1297 4542 regulati
1325 4443 1485 4516 Comitis
1513 4442 1653 4536 filiurn,
1680 4443 1739 4516 etfi
1767 4464 1913 4541 puerunt

286 4541 325 4615 in
353 4549 476 4620 eodem
503 4547 618 4620 Libro
652 4564 927 4621 commemorata
956 4547 1053 4619 inve·
1147 4563 1248 4636 pater
1267 4543 1423 4616 moriens
1448 4545 1657 4644 reliquerit,
1677 4544 1710 4618 ei
1739 4545 1917 4619 tamenin

288 4648 586 4744 nias.Quanris
606 4649 702 4724 enim
723 4648 898 4723 'friderici
920 4652 947 4722 1.
967 4667 1052 4722 tem·
1131 4641 1358 4767 ,veronensis
1394 4648 1600 4721 comitatus
1639 4673 1810 4738 munere,
1848 4645 1917 4721 five

289 4755 434 4850 poribus
467 4753 608 4825 nullutn
646 4755 798 4850 amplius
838 4753 1058 4823 Marcbionem
1130 4747 1281 4846 ,Tiruto
1306 4744 1518 4838 luccrffilie,
1545 4749 1640 4846 quod
1666 4749 1795 4823 elicere
1827 4753 1919 4848 palie

288 4853 848 4931 Mediolanenses&Genuenies
873 4853 934 4927 irbi
962 4881 1057 4952 prae·
1133 4849 1241 4928 tmihi
1278 4847 1404 4920 videor
1439 4877 1481 4923 ex
1518 4851 1653 4923 Charta
1690 4851 1726 4924 in
1757 4851 1919 4926 Archino

287 4959 353 5030 elie
374 4987 412 5032 ac
438 4961 609 5046 imperare
634 4957 804 5048 linerent,
824 4957 954 5055 qninpe
977 4956 1056 5029 Rei·
1151 4947 1357 5025 Monasterit
1384 4950 1593 5024 Veronenfis
1620 4953 1736 5024 sonui
1764 4953 1918 5028 Zenonis

288 5061 450 5158 publicae
475 5064 648 5152 formam,
672 5058 791 5136 frustra
815 5057 1056 5132 obsistentibus
1151 5059 1293 5127 Servata
1320 5055 1354 5124 dt
1394 5071 1532 5126 exarata
1561 5059 1664 5123 Aaou
1691 5059 1838 5125 MCLll.
1866 5055 1919 5125 die

288 5161 478 5264 lingulis,
505 5165 684 5264 amplexi:
714 5183 872 5238 attamen
903 5158 1079 5262 impera-l
1149 5155 1344 5328 Lunf,unr·
1370 5153 1413 5240 est
1438 5158 1499 5226 IX.
1525 5153 1695 5225 Kalendas
1720 5152 1833 5320 ’κακίζει
1847 5161 1917 5246 Ju-

393 5268 482 5339 Tom.
510 5269 537 5336 l.
1317 5279 1341 5355 g
1805 5281 1855 5347 n,
