4534 6164
481 425 576 518 7433
792 395 1186 521 ANTQUIT.
1232 388 1461 490 Menti
1503 393 1681 488 Aere·
1895 423 1985 514 7443

421 719 559 818 Signirm
574 721 695 798 Domni
750 579 1229 1114 Ν
1272 720 1444 796 Lartbmtr'
1455 721 1645 817 lerenrffimi
1658 716 1860 817 Imperatoris
1874 718 2046 818 ΛΜΗ
2056 769 2075 798 .

478 1233 676 1308 Heimerirrrs
700 1230 858 1308 Notarius
882 1233 928 1306 ed
951 1231 1053 1306 vicem
1078 1229 1237 1304 Helbrnri
1261 1231 1548 1308 Arebierreellerii
1572 1229 1759 1332 recognovi.

1347 1444 1447 1510 Locus
1470 1436 1587 1534 Sigilli
1611 1435 1688 1510 eerei
1712 1434 1896 1532 deperditi.

480 1646 574 1718 nere
597 1613 701 1716 mim
734 1643 968 1717 incarnatus
1003 1640 1136 1716 nemim·
1163 1645 1383 1714 ucccxcr.
1416 1640 1535 1712 umet
1561 1663 1679 1738 quoqu
1706 1637 1877 1714 munet
1907 1638 2072 1740 pruriet

567 1745 769 1843 imperatorie
796 1749 834 1818 V.
860 1744 981 1819 otiam
1006 1748 1086 1819 Idus
1111 1744 1311 1835 Decembris,
1337 1739 1634 1816 insisteretur.

478 1945 606 2023 ’.ΑΒΜ
631 1949 756 2047 Regiae
781 1949 963 2042 Civitatis,
990 1947 1024 2020 in
1052 1945 1116 2021 Dei
1141 1945 1265 2018 nomine
1284 1945 1440 2036 feliciter.
1465 1953 1595 2022 Amen.

483 2151 636 2222 Redaldi
662 2175 813 2239 nomen,
837 2149 900 2248 qui
926 2149 965 2223 in
993 2149 1057 2223 bae
1082 2153 1191 2245 impe·
1223 2151 1253 2221 A
1279 2151 1298 2222 t
1325 2147 1421 2222 viris
1446 2147 1614 2223 Guidone
1640 2145 1797 2241 Augusto
1826 2165 1922 2246 patre
1957 2147 2051 2240 suo,

432 2247 515 2324 ciali
552 2250 744 2350 largitione
769 2249 996 2339 inscribitur,
1023 2251 1198 2343 sticelleiffi·‘

432 2379 502 2423 mus
536 2359 645 2426 Comes
678 2375 774 2450 arque
801 2354 944 2446 summere
978 2354 1196 2426 Cancellerius

433 2453 552 2546 noller,
580 2455 652 2528 alio
680 2453 717 2528 in
745 2457 827 2530 loco
854 2453 980 2552 Operis
1017 2453 1119 2552 hujus
1145 2479 1194 2526 re·

433 2573 573 2641 curret,
600 2555 660 2628 ubi
688 2554 800 2629 titulo
826 2557 1025 2628 Marcbiorrie
1054 2553 1195 2653 insigni·

432 2675 510 2729 tum
531 2654 846 2754 deprehendemus.
861 2660 921 2731 Tu
941 2656 1109 2749 interim,
1123 2681 1198 2752 per·

432 2753 528 2832 letto
554 2755 622 2830 hoc
660 2756 888 2856 Diplomate,
916 2776 1032 2832 tecum
1064 2756 1195 2851 recogi·

432 2875 492 2951 ta,
519 2857 600 2958 quis
626 2864 813 2960 Supremus
843 2859 1007 2960 Princeps
1035 2877 1118 2932 tunc
1146 2857 1192 2930 s·

433 2978 487 3035 ret
515 2961 692 3138 Repiensrs
718 2988 758 3035 ac
788 2959 977 3035 Parmenfis
1005 2959 1136 3046 Urbis,
1162 2962 1196 3034 br

1280 2250 1509 2325 immutatum
1536 2247 1703 2324 nonnihil
1737 2249 1838 2322 suiffe
1865 2253 1905 2322 ab
1930 2277 1973 2322 eo
1999 2251 2044 2324 in

1281 2349 1441 2449 usurpati
1466 2349 1553 2424 illuc
1578 2349 1686 2449 usque
1713 2349 1946 2425 subscribendi
1970 2349 2051 2426 sor.

1283 2453 1357 2526 mi.
1380 2455 1559 2526 Praeterea
1583 2453 1808 2624 apoprapbo,
1828 2479 1900 2526 non
1926 2473 2048 2528 autem

1281 2554 1473 2648 archetypo
1510 2551 1583 2626 sum
1626 2580 1703 2628 uus
1740 2554 1778 2628 in
1819 2553 2048 2629 describendo

1282 2654 1390 2754 priori
1422 2655 1651 2756 Diplomate3
1684 2681 1796 2754 neque
1825 2657 1956 2732 mirum
1992 2655 2053 2730 so·

1280 2774 1356 2846 ret,
1382 2753 1406 2827 fi
1434 2757 1618 2832 Librarius
1655 2757 1871 2858 caespitalset
1898 2758 1935 2832 in
1963 2763 2052 2832 Mo·

1283 2876 1524 2955 nogrammate
1561 2857 1763 2958 pingendo.
1801 2859 1930 2934 Rursus
1967 2860 2049 2934 heic

1282 2959 1541 3032 animadvertas
1563 2959 1769 3032 indiisiorrem
1790 2967 1884 3034 11111.Ι
1899 2962 2054 3060 conjun-

434 3089 477 3138 an
504 3063 561 3162 eju
579 3061 678 3138 modi
706 3063 818 3138 Urbes
844 3062 938 3137 intra
975 3059 1062 3136 fines
1089 3065 1195 3136 Exar·
1224 3060 1253 3131 B
1279 3059 1372 3134 siam
1394 3086 1474 3133 cum
1493 3061 1547 3132 die
1566 3065 1657 3136 ViIl.
1679 3066 1756 3134 Idus
1775 3065 1953 3138 Decembris
1968 3071 2053 3136 Ar·

433 3164 556 3239 charus
584 3165 800 3240 Ravennatis
829 3183 913 3238 tune
948 3163 1192 3238 concluderen-

432 3283 511 3340 tur.
535 3267 643 3360 Quod
668 3285 785 3340 aurern
807 3264 956 3340 minime
980 3284 1193 3366 praetereun-

433 3365 540 3458 dum,
568 3365 659 3440 mihi
695 3365 906 3442 describenti
943 3369 1045 3466 plane
1081 3363 1194 3438 visum

434 3468 480 3544 est
509 3466 752 3544 authenticum
790 3466 860 3543 srve
885 3468 1060 3568 originale
1095 3467 1195 3566 huju·

434 3572 547 3646 smodi
576 3571 766 3668 Diploma.
793 3575 840 3644 Et
867 3569 1103 3644 nihilominus
1129 3567 1204 3640 dis·-

434 3671 594 3746 simulare
621 3673 660 3745 in
689 3671 882 3770 praesentia
913 3672 1020 3758 nolo,
1048 3666 1195 3742 suboriri

1283 3162 1318 3231 ni
1338 3167 1559 3234 DCCCXCV.
1582 3165 1714 3236 Rarum
1738 3163 1774 3237 id
1795 3163 1901 3239 alicui
1930 3164 2055 3238 videa·

1283 3282 1364 3354 tur,
1388 3289 1497 3360 quum
1524 3265 1545 3336 b
1569 3263 1738 3340 Kalendis
1762 3265 2052 3366 Septembribus,

1285 3383 1345 3438 aut
1372 3363 1500 3454 serius,
1526 3363 1649 3439 eodem
1678 3383 1791 3440 tameo
1818 3365 1955 3455 mense,
1980 3393 2050 3438 no·

1286 3491 1329 3538 va
1356 3464 1512 3540 Indisiio
1530 3465 1688 3541 adbiberi
1712 3463 1967 3554 consuesceret,
1985 3465 2052 3541 uti·

1285 3593 1328 3640 ex
1355 3566 1551 3642 innumeris
1586 3563 1756 3664 exemplis
1792 3563 1949 3663 conslat;
1976 3567 2060 3639 De·

1285 3666 1417 3742 cembri
1445 3687 1561 3744 autem
1587 3669 1687 3746 Anni
1712 3671 1963 3744 DCCCXCV.
1992 3669 2053 3739 In.

434 3771 515 3845 heic
542 3771 635 3870 polle
662 3795 733 3841 non
760 3773 875 3842 levem
904 3769 942 3842 in
973 3793 1010 3842 re
1036 3765 1191 3844 Chrono·
1285 3769 1398 3842 disiio
1427 3774 1524 3842 XIV.
1550 3770 1589 3844 in
1616 3769 1677 3844 usu
1715 3769 1829 3846 sutura
1856 3788 1951 3844 erat.
1980 3773 2052 3844 Ve-

435 3872 553 3973 logica
577 3898 616 3946 ac
636 3869 878 3970 Diplomatica
905 3869 1197 3946 controversiam.
1286 3897 1364 3944 rum
1391 3873 1573 3972 complura
1600 3871 1708 3946 etiam
1736 3874 1898 3972 exempla
1932 3869 2055 3970 suppe-

435 3979 543 4074 Supra
568 3972 605 4048 in
629 3975 806 4049 uincerat.
832 3974 960 4049 v1.de
985 3975 1197 4048 Marehimib.
1224 3974 1256 4043 C
1288 3989 1369 4045 runt
1393 3973 1621 4048 continuatae
1644 3973 1898 4049 indistionisb
1921 3975 2055 4047 Kalen·

435 4075 644 4178 produslum
672 4078 693 4149 b
718 4103 773 4150 me
799 4076 869 4151 suit
896 4079 1046 4152 alterum
1075 4075 1195 4174 Diplo·
1286 4073 1341 4147 dis
1376 4074 1532 4163 Januarii
1569 4073 1676 4173 usque
1711 4075 1754 4150 ad
1789 4075 1896 4151 finem
1924 4073 2050 4165 Anni,

437 4204 496 4252 rna
519 4181 630 4251 Anno
656 4181 909 4254 DCCCXCII.
933 4180 953 4251 b
974 4176 1139 4251 Guidone
1164 4178 1198 4248 dr
1288 4177 1337 4248 ita
1366 4195 1405 4248 ut
1431 4175 1523 4248 nihil
1550 4203 1639 4276 opus
1664 4175 1706 4250 stt
1733 4176 1812 4253 heic
1840 4177 1944 4252 verba
1972 4201 2052 4275 pro·

436 4280 631 4358 Lamberto
648 4281 811 4380 Augustis
828 4279 970 4354 datum.
985 4276 1101 4376 Atqui
1117 4273 1220 4350 M,‚r
1289 4275 1450 4350 sundere.
1476 4277 1637 4375 Denique
1661 4307 1705 4353 ex
1727 4281 1934 4380 Diplomate
1959 4302 2050 4350 nunc

435 4407 641 4484 nogramma
670 4381 854 4457 Lamberti
881 4381 960 4455 illic
984 4405 1056 4453 non
1083 4377 1195 4452 omni·
1289 4376 1387 4450 edito
1413 4377 1554 4452 viderur
1580 4383 1792 4455 Lambertus
1816 4382 1858 4454 ad
1885 4377 2053 4479 Imperia·

438 4511 486 4558 no
506 4482 675 4559 convenit
698 4509 777 4558 eum
803 4487 1115 4582 Monogrammate
1138 4481 1199 4555 Di·
1291 4481 1323 4552 le
1344 4479 1469 4554 solium
1485 4483 1594 4554 Anno
1613 4487 1844 4558 DCCCXCI.
1861 4481 2051 4556 antediem

414 4584 628 4686 plumatis,
648 4584 741 4684 quod
762 4609 855 4658 nunc
875 4583 1062 4684 evulgavi.
1086 4581 1203 4657 Eli-‘ne
1292 4585 1355 4654 VI.
1377 4583 1582 4656 Decembris
1608 4585 1813 4676 ascendisse,
1833 4609 1944 4685 quum
1970 4608 2052 4656 con·

439 4689 504 4761 hac
530 4687 573 4762 de
608 4686 720 4761 caussa
748 4688 956 4761 alterutrum
992 4682 1066 4758 salse
1096 4683 1201 4758 arces·
1293 4701 1345 4756 tra
1366 4683 1493 4784 Pagius
1512 4685 1570 4758 vir
1590 4685 1710 4786 magni
1732 4685 1889 4760 nominis
1915 4685 1952 4759 in
1974 4681 2051 4757 Cri·

440 4785 612 4865 sendum?
648 4787 806 4862 Minime
841 4783 1079 4888 gentium‚sr
1116 4786 1201 4885 quid
1291 4783 1363 4857 tica
1388 4785 1584 4860 Baroniana
1610 4789 1825 4879 contendat,
1848 4791 1954 4861 Anno
1975 4801 2055 4856 tan·

439 4917 519 4966 mea
556 4892 651 4965 valet
686 4887 882 4988 sententia3
917 4887 971 4961 sed
1008 4887 1201 4986 putandum
1231 4881 1368 4957 D'tbm
1409 4885 1566 4984 sequenti
1606 4883 1859 4966 DCCCXCH.
1895 4884 2055 4962 eumdem

394 5060 396 5066 ,
439 4991 560 5094 potius
585 5006 646 5066 aut
668 4989 813 5092 gemino
834 4993 1144 5090 Monogrammate
1165 5015 1199 5063 u·
1274 4966 1531 5064 'renuntiatum
1568 4989 1669 5067 luisse
1704 4989 1929 5092 Augustum.
1964 4987 2056 5080 Heio

440 5093 516 5170 sum
551 5091 652 5170 luisse
687 5093 943 5184 lambertum,
970 5107 1030 5165 aut
1067 5043 1224 5177 sublatol
1273 5041 1371 5190 lsane
1398 5115 1543 5185 vereor,
1568 5119 1612 5169 ne
1638 5093 1770 5196 aliquis
1805 5086 2056 5268 errog‘subsit,

1942 5215 2007 5293 pro
