4532 6154
563 369 1493 472 orrsonrnrrosnrrrnrns
1685 393 1775 496 646

217 418 518 593 dembridelicet,
554 502 617 602 qui
646 508 809 578 Romano
835 497 976 574 l’lacito
1005 495 1038 568 A
1064 492 1148 570 isto.
1185 500 1306 591 Quare
1331 495 1425 570 bunc
1452 493 1612 598 Sergium
1646 500 1835 600 Magistra·⁸

215 628 310 683 nune
337 635 357 680 a
383 633 439 680 me
472 605 571 680 edito
605 605 796 682 interfuere
829 625 885 700 prr
909 627 976 674 eos·
1067 617 1143 673 tum
1173 603 1374 674 Romanum
1401 597 1501 672 soille
1528 625 1628 690 reor,
1654 603 1674 674 d
1702 605 1833 674 Roma·

210 711 335 803 fissum
361 705 549 800 Pontificio,
585 735 622 780 ee
650 706 785 802 sufferre
810 711 980 804 imperaro-
1067 700 1124 773 nir
1150 700 1388 776 Pontificibus
1411 698 1588 790 electum,
1626 700 1688 798 qui
1716 700 1833 799 supre.

217 812 292 884 ria.
331 809 425 882 lleic
451 808 560 882 etiam
588 810 691 882 nobis
726 809 883 882 occurrit
908 812 977 878 Sre·
1068 827 1125 876 ma
1147 802 1359 878 audloritate
1374 799 1627 876 controversias
1644 802 1739 876 inter
1760 807 1833 878 Ros

214 921 341 1010 pharus
366 907 555 993 Narnienfis
590 910 745 997 Eeriefiae
785 908 981 1006 Episcopus,
1070 929 1192 978 manos
1220 905 1438 994 dirimebat,
1463 905 1499 977 ἀ
1527 929 1547 975 a
1573 927 1644 999 quo
1671 905 1769 976 nulla
1796 929 1832 977 e·

219 1011 391 1113 Uglrellio
429 1010 597 1112 ignotus,
638 1039 677 1086 ac
718 1030 901 1112 propterea
941 1008 979 1082 in
1068 1023 1124 1080 rat
1163 1007 1383 1106 appellatio,
1419 1005 1461 1080 ad
1503 1001 1607 1078 inllor
1641 1005 1832 1080 Comitum

219 1115 434 1212 Catalogurn
462 1111 716 1210 Epil'coporum
744 1113 845 1187 illius
873 1111 981 1184 Urbis
1070 1107 1166 1182 Sacri
1199 1107 1329 1183 Palatii
1367 1105 1480 1208 Regni
1518 1103 1639 1180 Italici
1666 1103 1835 1180 constitu·

219 1213 440 1289 inferendus.
467 1217 634 1288 Occurrit
660 1217 768 1290 etiam
794 1217 829 1288 δι
852 1217 984 1310 Sergius
1072 1227 1151 1296 tus,
1187 1235 1227 1284 ac
1253 1209 1402 1308 proinde
1436 1211 1543 1282 illum
1569 1232 1641 1281 non
1669 1205 1835 1300 aecenseo

218 1321 328 1386 Comes
353 1315 500 1387 Palatii.
530 1319 662 1391 Verium
691 1343 762 1391 non
789 1315 842 1400 is,
869 1331 909 1388 ut
928 1339 980 1386 ar·
1072 1311 1279 1387 Comitibus
1308 1309 1438 1385 Palatii
1476 1307 1638 1400 Italici,
1658 1333 1746 1405 quos
1773 1307 1834 1381 baa

112 1420 117 1430 '
220 1416 358 1506 bitror,
393 1413 604 1516 fungebatur
629 1417 840 1518 ampliffima
866 1414 979 1516 digni·
1070 1409 1630 1488 &enuerecrnsuirlnnoautem
1648 1412 1836 1486 DCCCC·

220 1537 296 1592 tate
323 1518 456 1588 Comitis
478 1517 563 1609 sacri
588 1521 738 1610 Palatii,
764 1521 807 1593 de
834 1543 902 1615 qua
923 1514 977 1590 ha·
1073 1517 1206 1597 xcvi
1238 1514 1371 1590 certior
1404 1511 1516 1586 sobius
1551 1511 1626 1586 sum
1654 1538 1673 1584 a
1699 1509 1836 1586 Charta

220 1617 345 1694 &enus
370 1619 528 1720 egimus,
555 1623 590 1696 δι
617 1647 723 1719 quam
752 1625 983 1719 Imperatores
1073 1615 1320 1702 Cremonensi,
1362 1614 1545 1689 Aricinum
1584 1629 1670 1686 tunc
1708 1611 1856 1692 eodeni¹

221 1721 398 1818 &Reges
436 1721 560 1795 ltaliae
596 1721 842 1798 conserebant.
878 1719 976 1792 Alio·
1074 1741 1215 1792 munere
1241 1715 1425 1806 sensium,
1461 1732 1501 1788 ut
1526 1742 1569 1790 ex
1605 1711 1682 1806 ipso
1709 1739 1837 1788 monuo

223 1819 369 1994 rein
382 1946 391 1964 .
405 1821 552 2020 lon
578 1823 854 2000 ercule
868 1845 986 1995 ln
1073 1814 1836 2019 trienninm

822 1977 833 2012 i
1242 1975 1254 2010 θ

222 2021 330 2121 regiis
373 1984 522 2100 sacultas
562 2025 685 2100 relisia
726 2024 872 2098 suisset.
910 2020 985 2096 Hic
1075 2021 1184 2122 pituli
1210 2020 1476 2095 Canonicotum
1502 2014 1813 2108 Cremonensium.

223 2143 342 2198 autem
368 2123 500 2200 humili
534 2128 618 2202 loco
650 2125 745 2201 sedet
779 2125 818 2200 in
846 2121 987 2198 Placito

223 2363 395 2453 Arduini
427 2362 601 2452 Comitis
629 2365 770 2454 Palatii
801 2367 990 2460 sententia
1019 2369 1061 2456 in
1085 2367 1237 2459 Placito
1261 2363 1469 2456 Limitenfi
1491 2367 1742 2486 pronuntiata
1765 2398 1838 2488 pto

313 2481 509 2600 Episcopo
539 2489 763 2573 Cremonae
793 2515 931 2574 contra
962 2488 1217 2605 Walpertum
1248 2485 1455 2600 Jodicem,
1483 2495 1606 2578 Anno
1635 2501 1737 2598 996.

228 2773 235 2793 ι
329 2731 459 2804 Uer-in
499 2733 565 2804 Dei
602 2734 745 2823 nomine,
785 2735 893 2827 lorus,
934 2733 1259 2814 obi·C²adtersum
1297 2759 1354 2809 me
1388 2734 1517 2810 exinde
1553 2731 1685 2833 aliquit
1719 2732 1836 2810 dicere

353 2834 472 2904 dicitur
512 2834 651 2925 Limite,
682 2838 871 2927 judiciaria
912 2839 985 2911 Bri·

227 2933 348 3023 (sense,
382 2935 415 3002 irr
440 2953 532 3026 prato
558 2937 680 3033 proprio
705 2937 874 3034 Episcopio
896 2939 992 3036 ipfias

220 3034 334 3129 firnsie
370 3034 540 3120 Bristenlis
576 3036 730 3126 Ectirfie,
765 3039 822 3134 per
845 3045 926 3112 date
950 3041 989 3110 li·

227 3135 330 3208 centia
361 3135 493 3208 Domni
522 3137 707 3211 Adelberti
746 3138 911 3239 Episcopi
944 3143 996 3236 ip·

220 3237 292 3324 sius
318 3236 504 3334 Episcopio,
541 3239 575 3308 in
600 3239 720 3327 juditio
745 3241 897 3326 residebat
924 3246 988 3318 Ar·

228 3337 356 3412 doinus
391 3343 522 3410 Comes
560 3340 717 3429 Palatii,
746 3342 909 3436 justitiam
939 3343 989 3433 se·

228 3439 372 3512 ciendam
411 3465 449 3510 ae
487 3440 748 3532 deliberandam,
790 3441 996 3528 residentibus

1078 2840 1179 2924 vult,
1207 2855 1345 2935 paratus
1372 2835 1446 2910 sum
1474 2861 1554 2910 cum
1581 2861 1624 2910 eo
1650 2834 1778 2909 exinde
1796 2834 1836 2909 in

1076 2937 1218 3013 racione
1243 2937 1426 3029 llandum,
1459 2939 1494 3011 dt
1521 2935 1684 3035 legitime
1711 2934 1837 3010 linien-

1077 3037 1183 3113 dum.
1221 3042 1267 3112 lit
1302 3037 1396 3136 quod
1432 3040 1511 3138 plue
1546 3036 1615 3126 est,
1651 3062 1759 3136 quero
1795 3051 1835 3110 ut

1077 3140 1173 3214 dieat
1198 3138 1260 3213 iste
1286 3143 1485 3240 Wolpertus
1517 3138 1651 3229 Judex,
1687 3138 1749 3238 qui
1776 3136 1837 3212 bic

1080 3241 1122 3316 od
1150 3239 1284 3336 presens
1311 3241 1379 3332 eli,
1406 3239 1564 3330 simibi,
1592 3256 1652 3314 aut
1679 3265 1756 3338 pars
1783 3237 1837 3338 ip·

1078 3341 1142 3416 lius
1169 3339 1352 3440 Episcopii
1388 3339 1556 3441 prediiiis
1590 3341 1757 3416 omnibus
1783 3367 1837 3415 re·

1080 3445 1142 3517 bus
1169 3443 1409 3518 contradicere
1437 3460 1499 3517 out
1534 3441 1707 3516 subtraere
1734 3444 1837 3529 vult,

229 3565 297 3610 mm
316 3565 349 3607 ea
371 3537 569 3634 Riprandus
595 3545 748 3631 Comes,
775 3545 992 3630 Adelbertos,
1082 3545 1139 3617 rel
1174 3543 1196 3616 st
1235 3545 1374 3646 propria
1410 3543 1517 3644 ipsius
1553 3539 1737 3644 Episcnpii
1773 3541 1839 3616 eise

229 3639 421 3732 Geprerrdo,
447 3640 658 3728 stainardus,
683 3651 819 3731 Petrus,
854 3647 987 3740 Sigesre·
1022 3642 1056 3710 D
1080 3645 1209 3719 debent
1235 3671 1314 3720 cum
1343 3649 1464 3737 Lege,
1491 3671 1535 3718 an
1563 3671 1656 3719 non,
1682 3655 1764 3718 Cum
1790 3643 1842 3740 ipu'

229 3737 311 3825 dus,
346 3736 554 3827 Gauselmur,
579 3739 760 3834 disteden,
795 3743 995 3835 sichardus,
1075 3746 1227 3841 srRozo
1252 3748 1361 3821 taliter
1386 3744 1558 3844 retusiffet,
1593 3749 1640 3819 od
1663 3772 1695 3817 ee
1720 3743 1841 3842 respon·

232 3835 438 3926 Weisredus,
472 3837 517 3908 O*
543 3841 637 3934 Nono
649 3845 681 3931 J
682 3844 787 3914 udrrer
810 3846 903 3917 sacri
917 3852 986 3920 Pe·
1081 3859 1158 3916 dens
1184 3847 1249 3942 ipse
1274 3850 1456 3943 Welprrtrrs
1472 3850 1589 3938 Jodex
1602 3845 1689 3917 dixis
1708 3847 1753 3916 Θ
1769 3867 1841 3942 pro·

230 3937 331 4027 larii,
365 3939 409 4008 to
443 3935 560 4034 reliqui
589 3941 715 4036 pierres.
751 3944 861 4039 ibique
890 3974 993 4018 eorum

229 4039 363 4137 veniens
395 4038 555 4134 presentie
589 4049 682 4136 Rozo
704 4050 876 4118 Annaeus
909 4047 986 4143 Epi·

224 4140 331 4238 scopin
356 4139 468 4232 saniir
501 4142 715 4230 Cremonensis
748 4145 903 4238 Erriefie,
939 4175 992 4220 rrer

230 4268 292 4312 nore
319 4244 364 4312 tr
385 4271 426 4314 err
447 4241 519 4316 aiio
538 4264 632 4342 perte
658 4247 842 4344 Waiperous
857 4255 889 4341 J
892 4251 992 4340 Meo,

231 4342 449 4416 altereationes
484 4344 568 4417 inter
594 4345 633 4440 se
656 4349 811 4420 edentes:
840 4352 885 4421 Θ
910 4371 988 4422 retr·

1082 3941 1174 4037 seffor
1199 3946 1261 4035 eli.
1298 3951 1389 4019 Veri
1426 3947 1497 4044 jam
1533 3945 1641 4018 dibile
1675 3946 1842 4019 omnibus

1084 4048 1210 4137 rebus,
1250 4044 1337 4122 licut
1376 4044 1532 4164 superius
1571 4045 1844 4136 denominallis,

1084 4146 1152 4222 tibi
1190 4169 1254 4223 nec
1293 4171 1372 4247 pars
1409 4144 1515 4248 rplins
1551 4145 1733 4247 Episcopii
1770 4169 1843 4218 non

1082 4247 1310 4339 contradico,
1345 4274 1409 4322 uec
1446 4247 1686 4324 contradicere
1711 4271 1843 4342 quero,

1082 4349 1265 4449 quiscum
1290 4353 1387 4451 Lege
1408 4373 1477 4423 non
1502 4350 1658 4440 polium,
1682 4343 1845 4444 eoquod

230 4441 275 4513 sir
301 4443 368 4538 rpse
390 4451 483 4535 Rozo
506 4453 701 4521 Auernas:
727 4451 853 4524 Habeo
879 4453 913 4524 8<
942 4471 987 4526 te·
1085 4451 1222 4550 propria
1249 4449 1330 4526 sunt
1355 4447 1461 4548 ipsius
1484 4449 1691 4552 Episcopii,
1718 4445 1769 4520 set
1795 4441 1847 4518 ef·

231 4567 300 4617 neo
325 4544 345 4616 i
374 4563 470 4644 parte
496 4545 601 4636 ipsms
627 4549 810 4650 Episcopii
837 4551 990 4651 proprie·
1023 4539 1052 4608 Ε
1086 4551 1118 4624 se
1143 4550 1272 4626 debent
1298 4577 1377 4627 cum
1406 4557 1527 4653 Lege3
1557 4553 1592 4624 ἃ
1622 4545 1714 4621 milti
1741 4543 1783 4620 od
1810 4572 1849 4619 a·

232 4661 341 4717 tatem
379 4643 461 4719 calis
484 4648 521 4720 dr
548 4647 715 4726 omnibus
750 4653 873 4746 rebus,
908 4679 995 4753 quas

232 4745 299 4820 elle
333 4744 499 4823 ridentur
532 4747 571 4824 in
607 4751 749 4827 loco&
785 4753 897 4828 fundo
930 4755 989 4829 ci·

232 4847 414 4937 meniana,
449 4848 513 4947 qui
548 4849 698 4928 redii&
726 4855 877 4930 laborati
912 4853 994 4931 lunt

233 4953 991 5051 ωψωᾶωωὴὼωὴ

233 5051 339 5130 liberi
363 5051 520 5134 ominis.
551 5058 600 5134 Et
627 5054 651 5134 st
677 5055 849 5162 quislibet
881 5058 992 5137 ltomo

1084 4653 1235 4727 bendum
1271 4681 1335 4730 nec
1363 4651 1612 4756 requirendum
1641 4645 1734 4722 nihil
1771 4671 1848 4744 per·

1084 4752 1200 4828 tinent
1224 4781 1289 4831 nee
1314 4757 1487 4857 pertinere
1513 4753 1645 4826 debent
1671 4772 1751 4821 cum
1778 4749 1850 4822 Le·

1085 4877 1155 4954 ge,
1190 4883 1253 4954 pto
1279 4885 1321 4933 eo
1348 4855 1442 4956 quod
1470 4851 1599 4930 exinde
1627 4850 1764 4924 nullam
1791 4844 1852 4920 sir·

1088 4955 1248 5032 mitatem
1277 4983 1339 5034 nec
1363 4955 1619 5056 scriptionem,
1647 4952 1854 5046 nullamque

1084 5057 1259 5134 rationem
1285 5064 1371 5136 abeo
1394 5084 1459 5136 nec
1481 5059 1585 5134 abere
1609 5051 1770 5157 pulsum,
1793 5069 1854 5146 pet

1158 5163 1224 5260 St
1275 5185 1299 5238 a
1700 5173 1807 5254 quam
