4628 6148
459 415 551 542 'roy
770 423 1160 548 ANTIQHT.
1209 423 1439 516 Maon
1483 429 1656 524 Anu!
1882 445 1967 532 208

406 537 504 619 sendi
532 543 756 621 Marchionis
783 549 915 650 gratil.
942 557 1110 647 „Quumque
1132 576 1170 620 eu
1202 549 1237 621 A
1265 547 1329 622 nili
1357 551 1442 624 haec
1478 549 1721 652 interpreteris
1754 554 1797 632 de
1834 561 2027 633 excedente

407 647 486 718 auia
512 648 695 746 Principis,
732 675 812 746 quae
845 653 1021 746 quadratae
1046 651 1172 724 cuidam
1265 647 1351 724 lines
1387 651 1590 752 inculpatae
1616 659 1766 733 tutelae.
1802 665 1865 732 Pro
1890 661 2027 732 minima

407 775 445 820 ae
464 751 649 847 perampiae
674 751 858 822 imminebat
881 751 1024 843 Curiae,
1050 753 1173 850 egrede·¹
1262 753 1414 850 persona,
1440 781 1520 850 quae
1546 759 1724 830 exercitalis
1747 761 1835 831 borrae
1861 763 2029 833 iuvenitur

407 871 515 942 estur,
544 853 589 922 69·
613 853 658 924 ad
682 849 913 936 Monasterium
932 855 1033 926 redire
1050 857 1173 946 vellet,
1266 850 1343 947 effe,
1368 861 1439 931 CL.
1460 857 1582 950 solidos
1606 881 1787 956 conponat,
1812 863 1867 958 qui
1893 890 1962 934 eum
1981 889 2030 934 ec·
2055 849 2059 856 ¹

408 957 545 1026 Leonem
570 979 608 1022 ere
640 951 709 1022 iliis
743 977 873 1045 unum,
916 979 993 1052 quus
1025 958 1177 1055 Princeps
1265 956 1395 1032 ciderit.
1423 964 1475 1030 Et
1493 981 1553 1056 pro
1570 987 1624 1052 eo,
1651 962 1707 1060 qui
1728 963 1852 1058 pennus
1868 964 1932 1055 est,
1958 969 2030 1038 CC.

408 1052 713 1148 magnificentiffimo
729 1054 838 1128 alebar
857 1055 966 1148 sumtu
983 1085 1021 1131 ee
1037 1081 1174 1158 pompa,
1260 1057 1400 1150 solidos.
1437 1059 1575 1136 Deinde
1601 1061 1687 1136 lraec
1714 1061 1753 1136 in
1779 1089 1853 1136 rem
1878 1063 2029 1139 nostram

405 1155 538 1226 obuiam
562 1153 704 1227 habuit.
742 1159 895 1256 Fugerat
922 1157 987 1233 ille
1012 1164 1032 1233 b
1058 1187 1173 1234 carce·
1268 1157 1413 1234 statuere
1442 1163 1555 1264 pergit
1582 1169 1679 1239 Rex:
1710 1170 1762 1237 De
1787 1163 1949 1248 Gafindiis
1972 1193 2031 1238 ve.

408 1281 471 1332 re.
510 1261 561 1330 At
587 1251 725 1330 sunaus
752 1256 810 1332 vir
845 1285 906 1359 per
941 1259 1056 1337 fauces
1084 1289 1173 1336 arre-
1271 1287 1304 1331 ro
1328 1261 1440 1350 ursinis
1464 1267 1634 1357 uolumus,
1669 1287 1706 1338 ut
1730 1267 1915 1363 quicumque
1935 1267 2032 1338 mini·

408 1375 513 1460 ptum
540 1385 581 1432 ac
613 1361 765 1434 lenitum
792 1359 834 1433 ad
864 1361 1028 1437 consueta
1063 1361 1173 1439 stabu·
1268 1388 1338 1434 mur
1353 1363 1424 1458 ste,
1461 1367 1504 1437 Θ
1531 1368 1568 1438 in
1591 1367 1654 1440 tali
1679 1371 1789 1439 urdine
1820 1368 1933 1460 occisus
1960 1367 2034 1458 see·

410 1463 447 1535 la
468 1487 540 1534 non
560 1457 629 1534 stne
655 1460 793 1560 ingenti
821 1463 986 1566 prodigio
1004 1463 1173 1542 deduxit.
1256 1465 1338 1556 ¹rit,
1369 1487 1432 1564 pre
1453 1494 1489 1538 ee
1522 1471 1605 1564 quud
1633 1469 1722 1542 nodis
1755 1469 1913 1560 deservire
1938 1470 2033 1542 vido·

411 1565 469 1638 Ex
507 1561 562 1636 his
598 1563 808 1664 intelligas,
844 1567 976 1664 quanti
1010 1565 1170 1666 magnili·
1269 1587 1343 1657 rue,
1370 1573 1438 1641 CC.
1459 1569 1573 1660 solidis
1583 1569 1652 1662 fiae
1670 1569 1868 1668 conpositus.
1896 1575 1948 1642 De
1965 1597 2034 1643 me·

411 1662 531 1739 centii
559 1661 724 1746 Princeps
760 1665 824 1740 ille
850 1667 1017 1762 viveret,
1052 1695 1172 1769 quarn·
1256 1666 1387 1760 'iuribus
1406 1669 1577 1760 seeundum
1609 1673 1716 1770 qualis
1747 1672 1877 1770 persona
1906 1672 2034 1762 fuerit.

411 1791 519 1868 quarn
551 1783 636 1840 tunc
672 1763 825 1841 Tusciae
850 1794 892 1842 ac
918 1771 1054 1868 Spoleti
1092 1773 1173 1846 Pro·
1270 1771 1434 1868 Denique
1461 1770 1523 1848 fibi
1543 1799 1585 1846 ac
1609 1771 1856 1848 succelloribus
1884 1770 1952 1846 suls
1973 1773 2034 1846 de·

374 1893 383 1913 ·
413 1865 547 1942 vinciis
575 1865 731 1942 nondum
758 1869 1024 1947 dominaretur.
1271 1873 1482 1946 cernendum
1509 1871 1683 1966 reservat,
1703 1875 1856 1973 pecusque
1873 1889 1917 1946 aa
1935 1879 2036 1950 CCC.

468 1969 649 2046 interdum
675 1997 817 2070 quoque
841 1992 1032 2048 occurrunt
1057 1973 1098 2050 in
1116 2000 1176 2050 ve.
1266 1971 1387 2062 'lbiidos
1411 1973 1481 2070 ipsa
1506 1973 1684 2071 compositio·
1704 1979 1816 2049 debeat
1845 1975 2006 2060 escendere
2021 2029 2034 2050 .

413 2085 530 2146 terum
556 2071 798 2146 monumentis
821 2073 997 2156 Galindii:
1021 2102 1094 2173 quo
1116 2103 1176 2150 no·
1273 2072 1370 2146 Hinc
1391 2099 1474 2173 ergo
1493 2073 1566 2148 duo
1582 2075 1770 2150 habemus.
1801 2080 1939 2174 Nempe
1965 2081 2034 2147 Ge·

415 2171 516 2246 mine
542 2171 599 2272 ajo
625 2169 819 2270 defignatos
846 2171 945 2250 fuisse
965 2177 1181 2270 Familiares,
1266 2173 1390 2259 smdirs
1415 2175 1542 2248 Liberos
1564 2177 1703 2248 honines
1720 2175 1846 2266 fuine,
1869 2201 1914 2248 ac
1938 2200 2035 2272 prae·

415 2271 492 2347 stre
523 2271 588 2370 qui
622 2271 664 2346 de
702 2273 854 2349 familia
891 2276 1019 2372 Regis,
1054 2277 1177 2354 Conni·
1270 2296 1364 2349 terea
1404 2279 1680 2376 appellationem
1725 2275 1829 2350 illrnr
1873 2299 2034 2350 commu·

415 2393 519 2465 turn,
560 2373 784 2474 aliorumque
830 2381 1020 2452 Procerum
1064 2377 1178 2456 fuere.
1212 2373 1244 2446 C
1273 2403 1353 2450 nem
1388 2373 1487 2451 fuine
1519 2377 1797 2478 quibuscumque
1823 2377 1864 2451 in
1889 2373 2034 2452 famuli·

415 2481 649 2574 spelmannus
688 2477 725 2550 in
769 2479 1015 2580 Archaeologo
1051 2507 1178 2556 vocem
1271 2477 1330 2553 cio
1358 2477 1533 2579 Principis
1559 2479 1790 2581 degentibus,
1815 2475 1885 2551 five
1904 2479 1946 2552 ad
1966 2477 2034 2552 ori·

417 2577 559 2654 derivat
585 2585 607 2653 ὲ
629 2578 800 2654 Francico
826 2581 907 2674 Cese
925 2609 987 2680 pro
1005 2585 1119 2676 dnum,
1146 2585 1180 2656 δι
1272 2605 1380 2670 nora,
1415 2577 1489 2656 five
1510 2581 1552 2655 ad
1590 2584 1722 2682 mrjora
1749 2579 1941 2662 ministeria
1975 2577 2035 2652 ad·

418 2679 643 2756 esaxonico
671 2683 792 2770 Hunde
815 2709 878 2782 pro
899 2683 1043 2776 famulo,
1071 2703 1110 2758 ut
1137 2682 1181 2757 lic
1274 2681 1499 2756 biberentur.
1541 2687 1670 2784 Neque
1704 2685 1840 2782 Regum
1876 2699 2035 2754 tanturn-

417 2781 559 2860 dicatur
582 2779 677 2882 ’quafi
701 2785 911 2874 Cashyndus.
939 2781 1078 2860 volnus
1097 2785 1180 2861 Lib.
1275 2785 1382 2854 modo
1408 2782 1637 2874 Familiares,
1675 2783 1824 2858 titulum
1860 2783 1892 2855 e'
1921 2777 2037 2854 smodi

420 2909 460 2962 a.
483 2887 573 2982 Cap·
600 2891 634 2960 8.
661 2884 847 2960 cie-Vitiis
888 2883 1038 2962 sermon.
1072 2887 1091 2960 b
1117 2893 1180 2960 Ce·
1274 2881 1418 2980 gellere.
1447 2888 1671 2958 Famulantes
1694 2884 1804 2958 etiam
1830 2887 1873 2972 Ju
1899 2881 2039 2972 icibus,

413 2987 621 3083 solbimus
639 2983 830 3062 conflatam
850 2987 939 3064 hanc
956 3015 1081 3064 vocem
1100 3015 1180 3062 coo·
1277 2984 1344 3059 srve
1380 2984 1533 3058 Urbium
1570 2982 1807 3077 Praesrdibus,
1843 2981 2038 3082 ceterisque

419 3087 596 3192 jebitbat.
624 3089 801 3164 Eceardus
826 3097 912 3166 verb
937 3091 974 3166 in
1004 3090 1114 3167 Notis
1140 3089 1182 3164 ad
1281 3085 1529 3186 Magnatibus‚
1555 3085 1708 3172 Gassndii
1733 3083 1814 3160 funt
1840 3083 2036 3186 appellati.

417 3195 558 3288 Legem
586 3188 737 3262 Salicem
764 3189 849 3262 haec
885 3189 1029 3266 scribit:
1068 3191 1178 3278 Gasrn·
1278 3192 1463 3276 Propterea
1493 3187 1639 3262 Ratchis
1676 3192 1752 3263 Rex
1778 3186 1817 3261 in
1844 3190 1941 3286 Lege
1973 3187 2037 3258 Vl.

420 3291 535 3378 dnn,
571 3289 737 3362 comitatus
766 3289 1027 3390 scnmlitiumque
1049 3296 1180 3364 vocabu
1216 3280 1252 3348 D
1277 3287 1422 3380 sanxit,
1457 3307 1498 3363 ut
1525 3289 1664 3378 ludices
1700 3289 1743 3362 in
1766 3285 2036 3362 administranda

422 3411 511 3480 suu
534 3391 578 3461 U·
604 3389 793 3482 Gaefindns,
827 3390 884 3488 qui
908 3393 1011 3478 efl'in
1038 3391 1187 3464 cunisam
1277 3387 1408 3489 justitia
1434 3407 1599 3463 canerent
1625 3388 1716 3482 fibi,
1743 3416 1787 3464 ne
1813 3386 1955 3462 effebus
1981 3413 2035 3460 er·

421 3491 589 3586 elicuisse,
616 3492 780 3584 mim'ller,
798 3491 941 3586 fidelis,
975 3494 1067 3566 bomo
1087 3494 1183 3564 domi·
1276 3515 1319 3590 ga
1339 3487 1636 3591 consanguineos,
1664 3491 1819 3580 amicos,
1846 3507 1906 3564 aut
1931 3485 2036 3561 frmi·

422 3597 487 3672 ni:
513 3593 628 3670 Addit
652 3593 766 3668 infra:
797 3600 865 3668 Nos
889 3623 962 3668 uoce
978 3593 1115 3676 Gefindr
1129 3596 1187 3666 ad·
1277 3592 1380 3664 liores
1408 3589 1511 3680 suos,
1547 3617 1611 3666 eos
1633 3609 1893 3668 anteverterent
1919 3593 1938 3662 i
1965 3607 2037 3664 tra·

389 3681 488 3776 'brec
512 3721 571 3794 pro
601 3695 766 3784 famulitio
799 3697 941 3768 urimur.
977 3699 1059 3768 Hoc
1095 3693 1192 3768 idem
1279 3695 1366 3765 mite
1392 3691 1564 3792 justitiae.
1591 3693 1632 3765 n·
1646 3697 1777 3787 June,
1804 3691 1924 3794 inquit
1949 3690 2038 3782 ille,

423 3817 511 3877 ante
534 3793 729 3870 Eseardurn
749 3792 962 3887 tradiderat,
989 3799 1024 3870 δι
1045 3795 1188 3896 quidem
1281 3793 1452 3889 neglexerit
1473 3791 1639 3884 iudicare,
1664 3815 1723 3868 cut
1741 3795 1878 3887 fnestram
1896 3793 2041 3868 attende·

424 3899 547 3988 reete,
591 3899 700 3998 Hugo
734 3897 907 3974 Grotius.
945 3897 1060 3974 Nobis
1097 3923 1193 3972 nunc
1283 3895 1327 3965 nir
1344 3909 1387 3966 er
1406 3894 1616 3988 Gaefindium,
1642 3896 1698 3968 uei
1718 3899 1764 3968 ed
1783 3903 1955 3989 Parentes,
1981 3912 2040 3969 are

425 4001 650 4102 appellantur
667 3999 869 4094 Conigiani,
887 4001 1007 4072 uomini
1019 4001 1108 4072 delia
1123 4005 1187 4072 Fu·
1224 4089 1226 4094 Ι
1279 3993 1432 4068 Amicum
1459 3996 1575 4090 suum,
1611 4019 1669 4070 eut
1694 3999 1740 4070 ad
1770 3999 1967 4096 praemium,
1994 3995 2042 4066 θ’

425 4105 563 4200 migliae.
592 4101 631 4176 ld
659 4103 791 4175 constat
817 4106 837 4175 b
864 4105 960 4201 Lege
987 4102 1189 4202 Langobar·
1279 4099 1380 4192 legem
1402 4123 1464 4169 non
1484 4097 1707 4192 judicaverint
1739 4119 1815 4172 tunc
1838 4099 1895 4195 qui
1919 4095 2038 4185 laesum

427 4205 534 4296 dica,
556 4229 646 4302 quse
670 4205 759 4301 apud
787 4203 1093 4302 Lindenbrogium
1121 4206 1191 4274 Ro·
1224 4189 1251 4256 Ε
1277 4197 1451 4290 sesentit,
1484 4199 1598 4272 nerviae
1621 4201 1667 4274 ad
1698 4200 1885 4288 Palatium,
1921 4197 1967 4266 o*
1991 4217 2053 4266 rec

424 4306 521 4385 thari
551 4305 638 4404 Regi
676 4303 867 4397 tribuitur,
904 4301 959 4378 sed
987 4331 1106 4378 revera
1132 4329 1187 4376 au·
1279 4313 1391 4371 claime
1409 4300 1503 4392 suam
1527 4301 1717 4374 vielmrium
1742 4302 1809 4370 O'c.
1837 4301 1962 4396 ltaque
1979 4295 2041 4371 de·

427 4409 568 4488 filonem
600 4405 724 4480 ltabuit
760 4403 1021 4502 Liutprandum
1059 4409 1189 4504 Regem
1280 4399 1453 4476 ferebatur
1478 4401 1630 4482 Garindii
1652 4400 1781 4474 titulus
1806 4398 1951 4474 Liberis
1975 4397 2041 4474 ho·

427 4513 514 4593 Lib.
542 4511 577 4586 6.
596 4534 671 4608 cap.
698 4531 734 4604 9.
761 4507 815 4580 uti
838 4506 957 4580 videre
983 4527 1081 4606 potes
1099 4509 1192 4579 l’art.
1281 4501 1458 4594 minibus,
1487 4502 1549 4602 qui
1577 4501 1699 4601 sponte
1726 4500 1846 4602 Regi,
1882 4517 1944 4576 aut
1971 4503 2042 4574 Re·

426 4621 477 4696 ll.
504 4610 617 4689 Tomi
645 4613 672 4684 1.
704 4611 781 4680 Rer.
810 4608 1035 4680 italicarum.
1061 4605 1190 4680 Statui·
1304 4603 1340 4677 ni
1372 4605 1578 4680 Proceribus
1613 4601 1823 4677 famulatum
1851 4601 2040 4676 incorum

427 4737 487 4798 tur
512 4712 566 4793 ibi
594 4736 706 4814 poena
731 4706 912 4782 occidenti
938 4709 1073 4782 liberum
1093 4709 1189 4780 burri·
1279 4629 1416 4780 irmina
1445 4705 1679 4804 praestabant.
1708 4709 1834 4804 Neque
1859 4703 2041 4778 intereos

429 4846 530 4896 nem:
563 4841 692 4916 nernpe
716 4811 749 4886 is
782 4837 830 4881 res
860 4808 940 4902 suas
974 4811 1008 4880 in
1035 4811 1192 4904 integrum
1280 4809 1378 4882 locus
1397 4805 1466 4883 nir
1484 4810 1618 4890 Seruis,
1637 4803 1707 4882 lire
1723 4803 1933 4905 mancipiis,
1952 4827 2042 4900 quo·

425 4925 565 5030 prim.
600 4921 699 4992 Turn
728 4937 839 5010 poena
863 4912 973 4986 etiarn
1001 4909 1034 4983 ei
1061 4908 1186 4982 indici·
1280 4933 1357 4982 rum
1384 4927 1459 4984 erat
1494 4907 1624 4984 servire
1648 4937 1693 4985 ex
1728 4907 1850 4983 debito
1884 4901 2045 4980 dominis

427 5045 512 5118 tur,
542 5020 599 5119 qni
627 5021 664 5112 se
689 5014 902 5108 defendendo,
937 5013 1072 5084 liberum
1095 5013 1191 5081 hnmi-
1283 5008 1377 5085 suis.
1413 5011 1557 5084 Libertus
1581 5011 1724 5112 quidem
1753 5007 1942 5100 invenias,
1976 5001 2045 5104 qui

425 5153 502 5202 erm
524 5121 690 5201 «rideris
724 5115 821 5222 quod
845 5111 1011 5220 profecto
1035 5115 1215 5208 mucre„
1281 5137 1408 5217 nempe
1433 5113 1600 5192 libertate
1623 5111 1791 5214 acquifita
1815 5109 2046 5233 fruebantur,
2114 5125 2116 5130 ·

1207 5255 1211 5268 ·
1883 5227 1997 5304 wlff!
