4532 6154
260 497 346 604 653
544 477 1477 572 ntssanrnrrosarrtnn.
1671 499 1758 606 ⁶54

250 607 448 677 Adesbertm
473 608 587 696 Judex
612 603 654 672 (9
687 596 807 696 Missus
841 598 963 674 Domni
987 602 1022 673 A
1050 593 1105 670 dit
1140 614 1258 672 autem
1293 596 1454 674 laudatus
1483 602 1604 676 Petrus
1631 605 1813 700 Diaconos

200 705 402 804 imperatoris
427 727 554 802 rogatus
572 702 760 801 subscripfi.
1052 724 1177 774 vocem
1201 699 1378 785 Tieinenfis
1396 701 1411 800 (
1422 727 1528 799 quarn
1552 703 1683 801 reliqui
1704 711 1817 784 omit.

251 812 324 902 Ego
348 807 405 904 qui
422 806 523 904 supra
541 805 715 894 Resiasdus
733 803 890 879 Notarius
905 802 958 895 st·
1050 820 1124 877 tere
1150 799 1428 894 consueverunt,
1457 801 1510 876 sat
1535 803 1668 880 conscii
1695 813 1814 888 nomi.

200 907 246 980 cri
272 908 399 983 Palatii
413 964 424 995 ,
454 907 589 1004 scriptor
615 905 690 1001 ujus
715 908 846 978 Carruse
872 907 961 1004 offer·
1048 930 1092 977 ne
1110 905 1238 978 Palatii
1263 931 1359 975 unum
1378 903 1570 980 Tieinense
1596 904 1809 1014 fignificaci)

191 1008 296 1093 stertis
317 1009 486 1105 peslraairr'
511 1011 656 1105 complevi
682 1011 725 1080 (Ψ
749 1010 848 1081 dedi.
1052 1003 1190 1079 sortasse
1210 1005 1292 1104 quia
1314 1006 1373 1080 ubi
1394 1005 1424 1079 is
1445 1005 1638 1100 scribebat,
1663 1009 1724 1084 sub
1744 1002 1812 1090 boc

252 1114 362 1184 Anno
398 1110 506 1184 etiam
533 1113 697 1184 MXVII.
725 1108 877 1184 Chartae
909 1106 959 1182 su·
1052 1106 1196 1180 nomine
1235 1105 1476 1208 designabatur
1511 1111 1642 1184 Comes
1682 1116 1813 1192 Palatii

201 1237 263 1312 pra
298 1233 514 1286 memoratae
541 1210 728 1286 Richildae
753 1209 964 1284 comitissae
1054 1208 1316 1283 Beneventani.

200 1309 387 1387 subscribit
422 1315 495 1414 ejus
531 1313 638 1388 frater
669 1313 870 1402 Lansramus
904 1320 962 1384 Co·
1105 1315 1211 1383 Nunc
1235 1309 1472 1410 prodendum,
1492 1339 1581 1410 quae
1600 1339 1715 1390 rerum
1736 1345 1815 1394 ver.

202 1438 266 1485 met
299 1415 427 1488 Palatii
463 1440 531 1488 una
563 1440 643 1488 curn
671 1414 879 1510 Maginsreclo
904 1421 963 1486 Ct-
1054 1410 1131 1510 tigo
1150 1415 1302 1484 Comitem
1326 1415 1452 1484 Palatii
1474 1411 1513 1486 in
1537 1415 1666 1490 italico
1690 1423 1814 1520 Regno
1938 1501 1942 1518 ,

200 1517 299 1606 mite,
327 1519 439 1590 altero
464 1515 564 1591 illius
590 1515 716 1590 fratre.
743 1514 851 1608 Quod
878 1541 961 1617 quo·
995 1536 1022 1606 Β
1054 1515 1206 1610 primum
1230 1512 1452 1611 depresserit,
1476 1533 1553 1589 turn
1577 1518 1728 1593 omnino
1755 1523 1814 1595 ab.

201 1617 310 1692 modo
337 1617 618 1715 componendum
654 1615 696 1689 srt
723 1642 803 1690 cum
831 1615 964 1690 Charta
1054 1613 1206 1713 rogarit.
1235 1617 1373 1713 Nempe
1397 1615 1469 1712 poll
1488 1619 1635 1692 Annum
1663 1622 1683 1692 l
1707 1621 1814 1698 Chri.

201 1745 312 1819 nuper
338 1721 445 1794 allata
472 1719 573 1793 Anni
608 1721 792 1792 MXVIIl.
818 1717 883 1792 alii
911 1716 962 1790 vi·
1053 1715 1102 1788 llo
1127 1734 1213 1789 nato
1238 1715 1495 1808 Millesrmum,
1523 1736 1562 1791 ut
1586 1717 1750 1805 suoloco
1774 1751 1813 1797 o·

201 1820 338 1894 derint.
358 1820 450 1894 illud
467 1820 575 1894 etiarn
592 1819 850 1909 animadverti,
867 1844 962 1892 nem·
1054 1814 1232 1906 siendum,
1262 1815 1383 1890 sensim
1410 1820 1578 1918 assurgere
1605 1821 1643 1895 in
1671 1823 1815 1899 liberta.

200 1948 244 2022 pe
272 1921 308 1995 in
337 1919 478 2017 Synodo
504 1921 633 1997 Ticini
669 1920 790 1994 habito
820 1920 962 1994 circiter
1054 1936 1124 1991 tem
1150 1937 1340 2016 coeperunt
1364 1919 1511 1993 Italicae
1533 1923 1662 2015 Urbes,
1687 1925 1721 1996 ἃ
1743 1928 1852 2000 lm.'

199 2025 349 2097 Annum
385 2027 529 2098 Mlllll.
567 2025 587 2096 i
626 2020 819 2096 Benedisio
858 2024 961 2094 VlIl.
1055 2019 1243 2117 perialibus
1279 2018 1454 2093 Ministris
1491 2022 1610 2094 locum
1649 2023 1813 2122 eripere.

199 2123 377 2199 Pontilice
421 2127 660 2225 promulgatas
704 2121 803 2196 fuisse
847 2127 960 2222 Leges
1056 2119 1207 2194 Proinde
1232 2117 1302 2192 five
1328 2119 1489 2193 adhibiti
1513 2120 1575 2212 vi,
1602 2120 1672 2197 sive
1699 2129 1814 2226 Impe-

200 2224 364 2322 quasdam
402 2227 552 2300 Henriei
589 2229 616 2296 Ι.
645 2223 818 2320 Augusti,
847 2223 962 2320 iisque
1052 2220 1227 2296 ratoribus
1252 2219 1549 2311 conniventibus,
1575 2223 1718 2299 eoabius
1737 2245 1815 2302 tan.

199 2324 425 2424 subscripfisse
460 2325 676 2397 menmium
709 2324 856 2398 Palatii.
892 2328 958 2397 At·
1052 2321 1130 2394 dem
1158 2321 1205 2396 est
1234 2321 1353 2395 Italici
1385 2321 1513 2395 Palatii
1541 2327 1675 2398 Comes·
1700 2329 1814 2403 absce-

199 2453 267 2524 que
288 2425 371 2501 haec
392 2451 499 2526 pauca
519 2423 695 2499 sufficiant
717 2423 760 2495 ad
786 2423 956 2498 illustran·
990 2459 1023 2532 C
1051 2424 1130 2496 dere
1156 2449 1201 2494 ex
1229 2423 1325 2494 Urbe
1344 2420 1547 2513 Tieinenli,
1575 2422 1740 2525 suamque
1766 2429 1815 2504 se.

200 2530 280 2602 dam
312 2527 434 2601 seriem
464 2546 622 2600 veterum
649 2523 777 2595 Palatii
803 2527 960 2595 Comitum
1052 2522 1131 2594 dem
1159 2522 1367 2596 constituere
1402 2519 1440 2594 in
1467 2522 1611 2622 Oppido
1639 2525 1692 2599 sui
1728 2529 1815 2626 juris

198 2630 238 2703 in
267 2631 395 2702 italico
423 2633 565 2726 Regno.
595 2629 720 2722 Neque
745 2624 843 2697 enim
869 2625 961 2698 ultra
1054 2624 1218 2711 Lumello,
1234 2621 1690 2700 stveLaumelsoTicinenfis
1706 2631 1816 2706 Dioe.

198 2729 386 2824 exquirere
420 2729 545 2816 lubet,
581 2751 669 2822 quos
699 2723 827 2800 exinde
855 2727 959 2800 Italia
1052 2720 1153 2814 cesis,
1179 2723 1270 2799 unde
1290 2724 1403 2823 polica
1422 2752 1551 2799 nomen
1572 2731 1709 2826 accepit
1730 2735 1813 2808 Pro.

198 2827 362 2903 habuerit
389 2826 561 2928 ejusmodi
590 2825 767 2924 dignitate
795 2846 958 2902 ornatos.
1054 2825 1194 2916 vincia,
1229 2853 1319 2923 quae
1354 2824 1477 2899 nostris
1507 2830 1723 2928 temporibus
1750 2842 1813 2906 Le.

199 2930 296 3004 Illud
331 2929 451 3028 potius
487 2924 862 3019 commemorandum,
898 2955 956 3001 no·
1050 2927 1181 2998 mellina
1203 2929 1419 3026 appellatur.
1446 2931 1564 3000 Immo
1586 2929 1621 3001 δι
1646 2929 1729 3006 inde
1751 2960 1813 3008 ex.
1910 3009 1916 3027 ι

201 3031 291 3105 biles
318 3029 420 3103 hosc'e
449 3035 728 3127 Imperatorum,
763 3026 832 3102 five
859 3028 958 3103 Itali·
1051 3028 1210 3101 turbatus
1245 3029 1309 3102 ille
1344 3026 1416 3120 suit
1440 3031 1566 3103 Seculo
1591 3029 1811 3110 Christianae

199 3157 322 3206 corum
345 3137 479 3232 Regum
504 3129 709 3221 Ministcos,
727 3131 869 3229 quando
888 3157 958 3204 non
1055 3133 1164 3202 Acrae
1184 3129 1428 3221 Duodecimo,
1455 3131 1491 3202 δι
1514 3129 1552 3203 in
1572 3130 1732 3206 ordinem
1761 3163 1813 3210 re.

200 3253 300 3308 erant
325 3233 365 3307 in
392 3231 566 3308 comitiva
592 3231 697 3330 Regis
720 3248 781 3305 aut
809 3235 955 3330 Impera·
1052 3229 1201 3304 dailos.
1236 3230 1440 3304 Guntherus
1475 3233 1635 3332 egregius
1672 3237 1812 3330 Poita,

195 3334 312 3424 toris,
346 3334 472 3408 Ticini
509 3335 716 3434 plerumque
751 3332 961 3425 consedisse,
992 3366 1023 3433 D
1050 3331 1112 3428 qui
1140 3330 1319 3430 postremis
1347 3331 1519 3407 friderici
1546 3337 1573 3406 Ι.
1602 3334 1724 3427 annis,
1750 3356 1811 3412 aut

198 3435 261 3509 ubi
281 3435 455 3508 Palatium
476 3453 550 3508 erat
566 3433 685 3507 italici
708 3433 835 3533 Regis,
851 3459 958 3532 quum
1054 3433 1173 3531 paullo
1200 3431 1294 3531 posi,
1322 3429 1467 3523 floruit,
1494 3432 1577 3508 Lib.
1605 3459 1639 3532 3.
1666 3437 1814 3535 Liguri.

197 3533 349 3612 fortassis
377 3534 485 3608 etiam
516 3533 741 3608 Provinciam
778 3534 880 3608 illam
909 3563 956 3610 re·
1051 3532 1114 3626 ni,
1150 3533 1369 3608 mentionem
1405 3533 1492 3608 facit
1524 3535 1684 3610 Comitis
1714 3541 1815 3612 Pala.

196 3655 320 3738 gerent
347 3635 558 3710 ausioritate
585 3634 680 3730 ipsa,
707 3647 786 3732 qua'
802 3633 840 3709 in
867 3654 956 3710 cete·
1053 3633 1123 3710 tini
1156 3633 1196 3709 in
1232 3634 1376 3737 Oppido
1408 3636 1577 3709 Lumello
1606 3635 1812 3733 residentis,

198 3763 256 3813 tos
282 3741 439 3807 Ducatus
461 3750 522 3807 aut
548 3734 726 3806 Marchias
753 3737 954 3830 praeclario·
1056 3732 1232 3812 scribens:

198 3863 253 3911 tes
288 3834 478 3908 utebantur
507 3837 622 3906 Duces
658 3859 697 3905 ac
732 3833 960 3911 Marchioncs

199 3935 347 4012 Italiae.
375 3939 497 4008 Petrus
522 3933 702 4006 Diaconos
726 3934 764 4007 in
788 3935 958 4010 Chronic.

198 4034 375 4115 Cafinens.
412 4034 494 4112 Lib.
520 4061 557 4132 4.
583 4037 760 4134 Cap.'18.
797 4037 963 4112 meminit

199 4138 378 4240 cujusdam
417 4141 540 4210 Bertae
579 4134 736 4210 liberalis
777 4131 961 4229 feminae,

198 4267 308 4340 quam
334 4240 489 4340 appellat
514 4235 627 4312 filiam
654 4238 852 4334 compalatii
876 4239 964 4312 Titi·
991 4264 1021 4334 E

200 4342 327 4425 neustr:
350 4340 446 4439 quod
472 4340 684 4415 vocabulum
712 4355 896 4438 propterea
922 4338 962 4413 in

199 4442 300 4517 suurn
320 4440 533 4517 Glossarium
558 4440 685 4516 intulit
708 4441 960 4540 DuCangius.
1053 4436 1281 4514 Scribendum
1309 4437 1388 4514 heic
1415 4442 1576 4517 Lemelli.
1602 4448 1704 4536 Quae
1730 4452 1814 4521 verb

199 4546 255 4618 At
278 4542 383 4617 sacile
407 4542 667 4644 intelligimus,
686 4543 777 4616 olim
801 4541 854 4616 ibi
878 4542 958 4618 seri·
1050 4559 1153 4614 autea
1177 4539 1269 4618 soret
1287 4540 1446 4616 Comitis
1470 4542 1492 4616 h
1522 4542 1670 4619 ‘usmodi
1695 4543 1810 4640 ditio,

201 4660 303 4744 ptum
333 4641 433 4717 fuisse
460 4649 547 4716 Com.
565 4644 715 4734 Palatii,
740 4671 803 4736 pro
829 4645 964 4717 Comitis
1053 4639 1225 4743 significat
1251 4642 1346 4717 idem
1375 4571 1680 4718 Poitasubdens:

1093 3887 1358 3985 'Aspice,qrtim
1375 3887 1465 3985 turpi
1478 3889 1611 3961 Lunelst'
1629 3891 1732 3964 nobile
1750 3895 1815 3965 Ca.

1102 3987 1380 4182 Aequsidsaiini
1391 4088 1504 4157 Sedem
1514 4141 1525 4177 ,
1535 4085 1676 4188 fidosque
1686 4114 1817 4190 perteret

1104 4193 1246 4260 Verterat
1272 4186 1333 4258 issa
1357 4187 1449 4261 dolo.
1479 4189 1633 4264 Comitem
1658 4195 1812 4295 Ciuesque

1202 4289 1336 4362 vocabat
1361 4289 1430 4360 &a

198 4746 328 4821 Palatii
337 4773 358 4834 ,·
393 4741 637 4819 amanuensem
671 4749 757 4820 verb
794 4744 960 4846 imperite
1098 4799 1146 4866 E,
1173 4821 1255 4868 mm
1289 4795 1322 4884 ῃ

200 4865 389 4946 utrumque
405 4846 615 4920 vocabulum
630 4845 869 4948 conjunxisse.
890 4852 957 4922 At·
1283 4825 1294 4866 ¹
1322 4824 1339 4867 ³

198 4974 267 5044 que
293 4947 378 5022 hinc
404 4947 513 5022 etiam
542 4965 660 5047 patere
688 4948 819 5048 potell,
855 4950 958 5021 aTr'.

200 5047 317 5134 circuli
342 5050 472 5122 Palatio
504 5049 701 5124 derivatam
736 5049 870 5121 Comitis
895 5055 957 5122 Pa·

201 5147 344 5225 latisin
373 5149 479 5226 Italia
518 5151 814 5254 appellationem.
849 5150 958 5226 Addi-

1363 4803 1491 4887 Crmet,
1526 4795 1644 4889 rursm
1671 4796 1714 4868 Θ·
1742 4805 1810 4871 Re.

1200 4896 1276 4994 gius
1300 4899 1413 4970 Ausae

1103 4997 1163 5070 llse
1184 5019 1296 5096 potens
1319 4997 1496 5094 Princeps,
1519 4995 1583 5090 sub
1607 5022 1666 5096 quo
1691 5007 1813 5076 Roma·

1205 5125 1248 5170 mr
1266 5097 1385 5192 ficetis

1694 5256 1763 5325 Im.
