<?xml version="1.0" encoding="UTF-8"?>
<!DOCTYPE html PUBLIC "-//W3C//DTD XHTML 1.0 Transitional//EN"
    "http://www.w3.org/TR/xhtml1/DTD/xhtml1-transitional.dtd">
<html xmlns="http://www.w3.org/1999/xhtml" xml:lang="en" lang="en">
 <head>
  <title>
</title>
<meta http-equiv="Content-Type" content="text/html;charset=utf-8" />
  <meta name='ocr-system' content='tesseract 3.04.00' />
  <meta name='ocr-capabilities' content='ocr_page ocr_carea ocr_par ocr_line ocrx_word'/>
</head>
<body>
  <div class='ocr_page' id='page_1' title='image "./antiquitatesita02muragoog/antiquitatesita02muragoog_0185.png"; bbox 0 0 4628 6148; ppageno 0'>
   <div class='ocr_carea' id='block_1_1' title="bbox 355 417 1967 552">
    <p class='ocr_par' dir='ltr' id='par_1_1' title="bbox 355 417 1967 552">
     <span class='ocr_line' id='line_1_1' title="bbox 355 417 1967 552; baseline 0.005 -44"><span class='ocrx_word' id='word_1_1' title='bbox 355 497 356 508; x_wconf 18' lang='lat' dir='ltr'><em>s</em></span> <span class='ocrx_word' id='word_1_2' title='bbox 475 421 628 552; x_wconf 53' lang='lat'><em>331*</em></span> <span class='ocrx_word' id='word_1_3' title='bbox 783 417 1172 544; x_wconf 60' lang='lat' dir='ltr'><em>Anrruurs.</em></span> <span class='ocrx_word' id='word_1_4' title='bbox 1220 417 1663 516; x_wconf 73' lang='lat' dir='ltr'><em>susurratur</em></span> <span class='ocrx_word' id='word_1_5' title='bbox 1876 428 1967 541; x_wconf 67' lang='lat'><em>332·</em></span> 
     </span>
    </p>
   </div>
   <div class='ocr_carea' id='block_1_2' title="bbox 503 681 1934 1041">
    <p class='ocr_par' dir='ltr' id='par_1_2' title="bbox 503 681 1934 1041">
     <span class='ocr_line' id='line_1_2' title="bbox 503 681 1934 804; baseline -0.005 -20"><span class='ocrx_word' id='word_1_6' title='bbox 503 685 673 784; x_wconf 85' lang='lat' dir='ltr'><em>chsioi</em></span> <span class='ocrx_word' id='word_1_7' title='bbox 704 695 758 778; x_wconf 86' lang='grc' dir='ltr'><em>ΙΙ.</em></span> <span class='ocrx_word' id='word_1_8' title='bbox 787 683 938 801; x_wconf 81' lang='lat' dir='ltr'><em>Regis,</em></span> <span class='ocrx_word' id='word_1_9' title='bbox 974 681 1081 774; x_wconf 84' lang='lat' dir='ltr'><em>intes</em></span> <span class='ocrx_word' id='word_1_10' title='bbox 1110 686 1306 804; x_wconf 81' lang='lat' dir='ltr'><em>Augustos</em></span> <span class='ocrx_word' id='word_1_11' title='bbox 1337 683 1462 774; x_wconf 82' lang='lat' dir='ltr'>Primi</span> <span class='ocrx_word' id='word_1_12' title='bbox 1493 682 1687 804; x_wconf 77' lang='lat' dir='ltr'><em>Diplomo</em></span> <span class='ocrx_word' id='word_1_13' title='bbox 1715 683 1934 778; x_wconf 72' lang='lat' dir='ltr'><em>concellum</em></span> 
     </span>
     <span class='ocr_line' id='line_1_3' title="bbox 630 801 1809 924; baseline -0.002 -26"><span class='ocrx_word' id='word_1_14' title='bbox 630 813 784 898; x_wconf 82' lang='lat' dir='ltr'><em>Amato</em></span> <span class='ocrx_word' id='word_1_15' title='bbox 814 810 870 891; x_wconf 89' lang='lat'><em>11.</em></span> <span class='ocrx_word' id='word_1_16' title='bbox 900 807 1205 924; x_wconf 83' lang='lat' dir='ltr'><em>Aschicpilcopo</em></span> <span class='ocrx_word' id='word_1_17' title='bbox 1234 805 1508 914; x_wconf 74' lang='lat' dir='ltr'><em>Salernitano,</em></span> <span class='ocrx_word' id='word_1_18' title='bbox 1538 835 1606 922; x_wconf 88' lang='lat' dir='ltr'><em>pes</em></span> <span class='ocrx_word' id='word_1_19' title='bbox 1634 801 1740 924; x_wconf 84' lang='lat' dir='ltr'><em>quod</em></span> <span class='ocrx_word' id='word_1_20' title='bbox 1769 807 1809 895; x_wconf 88' lang='lat' dir='ltr'><em>ci</em></span> 
     </span>
     <span class='ocr_line' id='line_1_4' title="bbox 808 922 1644 1041; baseline 0.002 -29"><span class='ocrx_word' id='word_1_21' title='bbox 808 922 1021 1012; x_wconf 81' lang='lat' dir='ltr'><em>confirmat</em></span> <span class='ocrx_word' id='word_1_22' title='bbox 1050 930 1188 1018; x_wconf 79' lang='lat' dir='ltr'><em>omnia</em></span> <span class='ocrx_word' id='word_1_23' title='bbox 1217 927 1327 1041; x_wconf 80' lang='lat' dir='ltr'><em>jura,</em></span> <span class='ocrx_word' id='word_1_24' title='bbox 1356 931 1482 1014; x_wconf 87' lang='lat' dir='ltr'><em>Anno</em></span> <span class='ocrx_word' id='word_1_25' title='bbox 1516 955 1644 1014; x_wconf 86' lang='lat'><em>1022.</em></span> 
     </span>
    </p>
   </div>
   <div class='ocr_carea' id='block_1_3' title="bbox 154 1151 2117 4528">
    <p class='ocr_par' dir='ltr' id='par_1_3' title="bbox 154 1151 2027 1264">
     <span class='ocr_line' id='line_1_5' title="bbox 154 1151 2027 1264; baseline -0.005 -20"><span class='ocrx_word' id='word_1_26' title='bbox 154 1153 156 1162; x_wconf 25' lang='grc' dir='ltr'>Ι</span> <span class='ocrx_word' id='word_1_27' title='bbox 294 1177 300 1184; x_wconf 85' lang='grc'><strong>’</strong></span> <span class='ocrx_word' id='word_1_28' title='bbox 462 1174 501 1244; x_wconf 89' lang='grc' dir='ltr'><strong><em>Ν</em></strong></span> <span class='ocrx_word' id='word_1_29' title='bbox 523 1164 645 1242; x_wconf 87' lang='lat' dir='ltr'><em>nomine</em></span> <span class='ocrx_word' id='word_1_30' title='bbox 665 1151 788 1258; x_wconf 69' lang='lat' dir='ltr'><em>sansle¹</em></span> <span class='ocrx_word' id='word_1_31' title='bbox 802 1161 847 1234; x_wconf 62' lang='grc' dir='ltr'><em>θ</em></span> <span class='ocrx_word' id='word_1_32' title='bbox 872 1160 1046 1238; x_wconf 85' lang='lat' dir='ltr'><em>individue</em></span> <span class='ocrx_word' id='word_1_33' title='bbox 1066 1165 1177 1238; x_wconf 87' lang='lat' dir='ltr'><em>Trini·</em></span> <span class='ocrx_word' id='word_1_34' title='bbox 1200 1168 1235 1242; x_wconf 84' lang='lat' dir='ltr'>A</span> <span class='ocrx_word' id='word_1_35' title='bbox 1263 1165 1468 1264; x_wconf 80' lang='lat' dir='ltr'><em>quascumque</em></span> <span class='ocrx_word' id='word_1_36' title='bbox 1479 1163 1686 1261; x_wconf 73' lang='lat' dir='ltr'><em>scriptiones,</em></span> <span class='ocrx_word' id='word_1_37' title='bbox 1703 1161 1851 1253; x_wconf 84' lang='lat' dir='ltr'><em>Caslrnm</em></span> <span class='ocrx_word' id='word_1_38' title='bbox 1874 1159 2027 1235; x_wconf 79' lang='lat' dir='ltr'><em>videlicet</em></span> 
     </span>
    </p>

    <p class='ocr_par' dir='ltr' id='par_1_4' title="bbox 399 1169 2117 4528">
     <span class='ocr_line' id='line_1_6' title="bbox 412 1169 2027 1365; baseline -0.006 -22"><span class='ocrx_word' id='word_1_39' title='bbox 412 1169 457 1355; x_wconf 83' lang='grc' dir='ltr'>Ι</span> <span class='ocrx_word' id='word_1_40' title='bbox 485 1273 590 1346; x_wconf 88' lang='lat' dir='ltr'><em>tatis.</em></span> <span class='ocrx_word' id='word_1_41' title='bbox 626 1267 784 1340; x_wconf 86' lang='lat' dir='ltr'><em>chricus</em></span> <span class='ocrx_word' id='word_1_42' title='bbox 806 1265 929 1338; x_wconf 79' lang='lat' dir='ltr'><em>divind</em></span> <span class='ocrx_word' id='word_1_43' title='bbox 956 1267 1094 1358; x_wconf 80' lang='lat' dir='ltr'><em>suventc</em></span> <span class='ocrx_word' id='word_1_44' title='bbox 1117 1270 1174 1341; x_wconf 89' lang='lat' dir='ltr'><em>cle·</em></span> <span class='ocrx_word' id='word_1_45' title='bbox 1263 1269 1406 1356; x_wconf 83' lang='lat' dir='ltr'><em>Libani,</em></span> <span class='ocrx_word' id='word_1_46' title='bbox 1424 1269 1508 1365; x_wconf 79' lang='lat' dir='ltr'><em>qnod</em></span> <span class='ocrx_word' id='word_1_47' title='bbox 1519 1265 1942 1358; x_wconf 69' lang='lat' dir='ltr'><em>thimoaldoO&#39;Alsuno</em></span> <span class='ocrx_word' id='word_1_48' title='bbox 1953 1288 2027 1361; x_wconf 82' lang='lat' dir='ltr'><em>ger·</em></span> 
     </span>
     <span class='ocr_line' id='line_1_7' title="bbox 399 1367 2028 1470; baseline -0.006 -25"><span class='ocrx_word' id='word_1_49' title='bbox 399 1377 535 1446; x_wconf 84' lang='lat' dir='ltr'><em>&#39;mentisl</em></span> <span class='ocrx_word' id='word_1_50' title='bbox 558 1381 774 1448; x_wconf 88' lang='lat' dir='ltr'><em>Romanorum</em></span> <span class='ocrx_word' id='word_1_51' title='bbox 797 1374 970 1466; x_wconf 75' lang='lat' dir='ltr'><em>Imperator</em></span> <span class='ocrx_word' id='word_1_52' title='bbox 985 1369 1174 1470; x_wconf 72' lang='lat' dir='ltr'><em>Angustus.</em></span> <span class='ocrx_word' id='word_1_53' title='bbox 1261 1369 1366 1443; x_wconf 91' lang='lat' dir='ltr'><em>manis</em></span> <span class='ocrx_word' id='word_1_54' title='bbox 1392 1367 1507 1465; x_wconf 78' lang='lat' dir='ltr'><em>injuslc</em></span> <span class='ocrx_word' id='word_1_55' title='bbox 1543 1367 1692 1462; x_wconf 83' lang='lat' dir='ltr'><em>invasum</em></span> <span class='ocrx_word' id='word_1_56' title='bbox 1726 1369 1787 1458; x_wconf 87' lang='lat' dir='ltr'><em>esl.</em></span> <span class='ocrx_word' id='word_1_57' title='bbox 1823 1367 2028 1439; x_wconf 87' lang='lat' dir='ltr'><em>Concedimut</em></span> 
     </span>
     <span class='ocr_line' id='line_1_8' title="bbox 402 1467 2028 1571; baseline -0.007 -22"><span class='ocrx_word' id='word_1_58' title='bbox 402 1477 452 1549; x_wconf 74' lang='lat' dir='ltr'><em>-si</em></span> <span class='ocrx_word' id='word_1_59' title='bbox 472 1474 598 1571; x_wconf 76' lang='lat' dir='ltr'><em>justis,</em></span> <span class='ocrx_word' id='word_1_60' title='bbox 633 1480 760 1570; x_wconf 83' lang='lat' dir='ltr'><em>Dcoque</em></span> <span class='ocrx_word' id='word_1_61' title='bbox 785 1471 915 1543; x_wconf 84' lang='lat' dir='ltr'><em>divinis</em></span> <span class='ocrx_word' id='word_1_62' title='bbox 939 1471 1017 1545; x_wconf 88' lang='lat' dir='ltr'><em>locis</em></span> <span class='ocrx_word' id='word_1_63' title='bbox 1042 1499 1103 1545; x_wconf 86' lang='lat' dir='ltr'><em>non</em></span> <span class='ocrx_word' id='word_1_64' title='bbox 1123 1473 1173 1566; x_wconf 77' lang='lat' dir='ltr'><em>su</em></span> <span class='ocrx_word' id='word_1_65' title='bbox 1262 1473 1397 1570; x_wconf 84' lang='lat' dir='ltr'><em>denique</em></span> <span class='ocrx_word' id='word_1_66' title='bbox 1424 1473 1471 1542; x_wconf 75' lang='grc' dir='ltr'><em>Ο·</em></span> <span class='ocrx_word' id='word_1_67' title='bbox 1503 1470 1724 1566; x_wconf 76' lang='lat' dir='ltr'><em>confirmamus</em></span> <span class='ocrx_word' id='word_1_68' title='bbox 1757 1471 1858 1543; x_wconf 89' lang='lat' dir='ltr'><em>cidem</em></span> <span class='ocrx_word' id='word_1_69' title='bbox 1892 1467 2028 1554; x_wconf 87' lang='lat' dir='ltr'><em>Ecclesle</em></span> 
     </span>
     <span class='ocr_line' id='line_1_9' title="bbox 411 1570 2028 1677; baseline -0.006 -27"><span class='ocrx_word' id='word_1_70' title='bbox 411 1581 481 1650; x_wconf 81' lang='lat' dir='ltr'><em>llam</em></span> <span class='ocrx_word' id='word_1_71' title='bbox 502 1575 617 1677; x_wconf 79' lang='lat' dir='ltr'><em>preesse</em></span> <span class='ocrx_word' id='word_1_72' title='bbox 645 1575 705 1669; x_wconf 86' lang='lat' dir='ltr'><em>sed</em></span> <span class='ocrx_word' id='word_1_73' title='bbox 730 1573 827 1648; x_wconf 84' lang='lat' dir='ltr'><em>etiam</em></span> <span class='ocrx_word' id='word_1_74' title='bbox 852 1570 988 1674; x_wconf 82' lang='lat' dir='ltr'><em>prodese</em></span> <span class='ocrx_word' id='word_1_75' title='bbox 1012 1575 1174 1664; x_wconf 80' lang='lat' dir='ltr'><em>studueri-</em></span> <span class='ocrx_word' id='word_1_76' title='bbox 1262 1599 1367 1646; x_wconf 83' lang='lat' dir='ltr'><em>omnes</em></span> <span class='ocrx_word' id='word_1_77' title='bbox 1390 1595 1580 1648; x_wconf 81' lang='lat' dir='ltr'><em>unctuosum</em></span> <span class='ocrx_word' id='word_1_78' title='bbox 1605 1601 1675 1666; x_wconf 87' lang='lat' dir='ltr'><em>res,</em></span> <span class='ocrx_word' id='word_1_79' title='bbox 1705 1599 1765 1672; x_wconf 81' lang='lat' dir='ltr'><em>qus</em></span> <span class='ocrx_word' id='word_1_80' title='bbox 1791 1573 1826 1644; x_wconf 91' lang='lat' dir='ltr'><em>in</em></span> <span class='ocrx_word' id='word_1_81' title='bbox 1853 1571 1919 1669; x_wconf 82' lang='lat' dir='ltr'><em>ipse</em></span> <span class='ocrx_word' id='word_1_82' title='bbox 1944 1571 2028 1670; x_wconf 84' lang='lat' dir='ltr'><em>Epi·</em></span> 
     </span>
     <span class='ocr_line' id='line_1_10' title="bbox 409 1673 2028 1778; baseline -0.004 -26"><span class='ocrx_word' id='word_1_83' title='bbox 409 1706 501 1773; x_wconf 88' lang='lat' dir='ltr'><em>mus,</em></span> <span class='ocrx_word' id='word_1_84' title='bbox 534 1678 690 1778; x_wconf 85' lang='lat' dir='ltr'><em>presentis</em></span> <span class='ocrx_word' id='word_1_85' title='bbox 712 1677 785 1749; x_wconf 82' lang='lat' dir='ltr'><em>vire</em></span> <span class='ocrx_word' id='word_1_86' title='bbox 803 1677 1002 1774; x_wconf 80' lang='lat' dir='ltr'><em>fuffragium</em></span> <span class='ocrx_word' id='word_1_87' title='bbox 1027 1680 1072 1749; x_wconf 67' lang='grc' dir='ltr'><em>θ’</em></span> <span class='ocrx_word' id='word_1_88' title='bbox 1096 1697 1171 1750; x_wconf 87' lang='lat' dir='ltr'><em>eter-</em></span> <span class='ocrx_word' id='word_1_89' title='bbox 1257 1677 1362 1775; x_wconf 91' lang='lat' dir='ltr'><em>scopio</em></span> <span class='ocrx_word' id='word_1_90' title='bbox 1385 1679 1442 1748; x_wconf 83' lang='lat' dir='ltr'><em>vel</em></span> <span class='ocrx_word' id='word_1_91' title='bbox 1467 1678 1502 1751; x_wconf 88' lang='lat' dir='ltr'><em>in</em></span> <span class='ocrx_word' id='word_1_92' title='bbox 1528 1679 1619 1750; x_wconf 86' lang='lat' dir='ltr'><em>rebus</em></span> <span class='ocrx_word' id='word_1_93' title='bbox 1646 1676 1720 1770; x_wconf 90' lang='lat' dir='ltr'><em>suis</em></span> <span class='ocrx_word' id='word_1_94' title='bbox 1747 1673 1829 1770; x_wconf 89' lang='lat' dir='ltr'><em>suns</em></span> <span class='ocrx_word' id='word_1_95' title='bbox 1851 1693 1912 1748; x_wconf 83' lang='lat' dir='ltr'><em>aut</em></span> <span class='ocrx_word' id='word_1_96' title='bbox 1936 1693 2028 1747; x_wconf 85' lang='lat' dir='ltr'><em>erunt</em></span> 
     </span>
     <span class='ocr_line' id='line_1_11' title="bbox 409 1775 2028 1878; baseline -0.006 -22"><span class='ocrx_word' id='word_1_97' title='bbox 409 1809 450 1856; x_wconf 90' lang='lat' dir='ltr'><em>ere</em></span> <span class='ocrx_word' id='word_1_98' title='bbox 483 1781 656 1854; x_wconf 87' lang='lat' dir='ltr'><em>remedium</em></span> <span class='ocrx_word' id='word_1_99' title='bbox 690 1779 838 1852; x_wconf 81' lang='lat' dir='ltr'><em>invenire</em></span> <span class='ocrx_word' id='word_1_100' title='bbox 872 1807 932 1852; x_wconf 90' lang='lat' dir='ltr'><em>non</em></span> <span class='ocrx_word' id='word_1_101' title='bbox 967 1779 1142 1854; x_wconf 86' lang='lat' dir='ltr'><em>titubamus</em></span> <span class='ocrx_word' id='word_1_102' title='bbox 1154 1809 1175 1870; x_wconf 89' lang='lat'><em>;</em></span> <span class='ocrx_word' id='word_1_103' title='bbox 1261 1787 1306 1852; x_wconf 91' lang='lat' dir='ltr'><em>ad</em></span> <span class='ocrx_word' id='word_1_104' title='bbox 1325 1779 1501 1873; x_wconf 75' lang='lat' dir='ltr'><em>sunum,</em></span> <span class='ocrx_word' id='word_1_105' title='bbox 1536 1779 1698 1878; x_wconf 84' lang='lat' dir='ltr'><em>omnesque</em></span> <span class='ocrx_word' id='word_1_106' title='bbox 1723 1801 1772 1849; x_wconf 91' lang='lat' dir='ltr'><em>ecs</em></span> <span class='ocrx_word' id='word_1_107' title='bbox 1795 1777 1924 1849; x_wconf 81' lang='lat' dir='ltr'><em>mobiles</em></span> <span class='ocrx_word' id='word_1_108' title='bbox 1951 1775 2028 1862; x_wconf 83' lang='lat' dir='ltr'><em>seve</em></span> 
     </span>
     <span class='ocr_line' id='line_1_12' title="bbox 409 1879 2027 1982; baseline -0.006 -26"><span class='ocrx_word' id='word_1_109' title='bbox 409 1883 507 1970; x_wconf 64' lang='lat' dir='ltr'><em>&amp;fi</em></span> <span class='ocrx_word' id='word_1_110' title='bbox 532 1885 568 1957; x_wconf 89' lang='lat' dir='ltr'><em>in</em></span> <span class='ocrx_word' id='word_1_111' title='bbox 588 1883 763 1982; x_wconf 69' lang='lat' dir='ltr'><em>pristinum</em></span> <span class='ocrx_word' id='word_1_112' title='bbox 783 1884 923 1980; x_wconf 84' lang='lat' dir='ltr'><em>gradum</em></span> <span class='ocrx_word' id='word_1_113' title='bbox 948 1883 1064 1980; x_wconf 78' lang='lat' dir='ltr'><em>erigere</em></span> <span class='ocrx_word' id='word_1_114' title='bbox 1085 1909 1173 1956; x_wconf 87' lang='lat' dir='ltr'><em>cona·</em></span> <span class='ocrx_word' id='word_1_115' title='bbox 1261 1881 1461 1975; x_wconf 86' lang='lat' dir='ltr'><em>immobiles,</em></span> <span class='ocrx_word' id='word_1_116' title='bbox 1496 1907 1555 1980; x_wconf 85' lang='lat' dir='ltr'><em>que</em></span> <span class='ocrx_word' id='word_1_117' title='bbox 1580 1883 1621 1954; x_wconf 83' lang='lat' dir='ltr'><em>ab</em></span> <span class='ocrx_word' id='word_1_118' title='bbox 1646 1880 1827 1979; x_wconf 81' lang='lat' dir='ltr'><em>antiquitus</em></span> <span class='ocrx_word' id='word_1_119' title='bbox 1852 1883 1958 1951; x_wconf 88' lang='lat' dir='ltr'><em>Deum</em></span> <span class='ocrx_word' id='word_1_120' title='bbox 1983 1879 2027 1949; x_wconf 82' lang='lat' dir='ltr'><em>ti·</em></span> 
     </span>
     <span class='ocr_line' id='line_1_13' title="bbox 408 1979 2028 2083; baseline -0.002 -25"><span class='ocrx_word' id='word_1_121' title='bbox 408 2011 506 2078; x_wconf 84' lang='lat' dir='ltr'><em>enne,</em></span> <span class='ocrx_word' id='word_1_122' title='bbox 548 1985 646 2075; x_wconf 85' lang='lat' dir='ltr'><em>noslrr&#39;</em></span> <span class='ocrx_word' id='word_1_123' title='bbox 680 1985 812 2083; x_wconf 82' lang='lat' dir='ltr'><em>Imperii</em></span> <span class='ocrx_word' id='word_1_124' title='bbox 850 1986 970 2058; x_wconf 86' lang='lat' dir='ltr'><em>culmen</em></span> <span class='ocrx_word' id='word_1_125' title='bbox 1004 1986 1179 2079; x_wconf 84' lang='lat' dir='ltr'><em>sublimare</em></span> <span class='ocrx_word' id='word_1_126' title='bbox 1259 1985 1417 2057; x_wconf 82' lang='lat' dir='ltr'><em>mentibus</em></span> <span class='ocrx_word' id='word_1_127' title='bbox 1442 1983 1623 2058; x_wconf 84' lang='lat' dir='ltr'><em>bominibus</em></span> <span class='ocrx_word' id='word_1_128' title='bbox 1647 1986 1751 2058; x_wconf 83' lang='lat' dir='ltr'><em>allate</em></span> <span class='ocrx_word' id='word_1_129' title='bbox 1777 1983 1824 2054; x_wconf 88' lang='lat' dir='ltr'><em>ibi</em></span> <span class='ocrx_word' id='word_1_130' title='bbox 1843 1979 1924 2073; x_wconf 85' lang='lat' dir='ltr'><em>sunt</em></span> <span class='ocrx_word' id='word_1_131' title='bbox 1936 2007 1958 2068; x_wconf 86' lang='lat'><em>;</em></span> <span class='ocrx_word' id='word_1_132' title='bbox 1992 2005 2028 2054; x_wconf 82' lang='lat' dir='ltr'><em>ac</em></span> 
     </span>
     <span class='ocr_line' id='line_1_14' title="bbox 406 2081 2026 2186; baseline -0.006 -28"><span class='ocrx_word' id='word_1_133' title='bbox 406 2089 639 2186; x_wconf 79' lang='lat' dir='ltr'><em>proculdubio</em></span> <span class='ocrx_word' id='word_1_134' title='bbox 674 2087 850 2157; x_wconf 87' lang='lat' dir='ltr'><em>credimus.</em></span> <span class='ocrx_word' id='word_1_135' title='bbox 888 2093 1089 2183; x_wconf 76' lang='lat' dir='ltr'><em>Quapropter</em></span> <span class='ocrx_word' id='word_1_136' title='bbox 1113 2115 1175 2160; x_wconf 91' lang='lat' dir='ltr'><em>om·</em></span> <span class='ocrx_word' id='word_1_137' title='bbox 1200 2105 1228 2177; x_wconf 79' lang='grc' dir='ltr'><strong><em>Β</em></strong></span> <span class='ocrx_word' id='word_1_138' title='bbox 1258 2113 1362 2158; x_wconf 85' lang='lat' dir='ltr'><em>omnes</em></span> <span class='ocrx_word' id='word_1_139' title='bbox 1385 2087 1580 2182; x_wconf 78' lang='lat' dir='ltr'><em>concessiones</em></span> <span class='ocrx_word' id='word_1_140' title='bbox 1605 2085 1743 2180; x_wconf 79' lang='lat' dir='ltr'><em>ejusdem</em></span> <span class='ocrx_word' id='word_1_141' title='bbox 1773 2081 1885 2177; x_wconf 75' lang='lat' dir='ltr'><em>sanlle</em></span> <span class='ocrx_word' id='word_1_142' title='bbox 1920 2083 2026 2156; x_wconf 75' lang='lat' dir='ltr'><em>Eccle-</em></span> 
     </span>
     <span class='ocr_line' id='line_1_15' title="bbox 411 2185 2027 2284; baseline -0.001 -25"><span class='ocrx_word' id='word_1_143' title='bbox 411 2190 502 2260; x_wconf 89' lang='lat' dir='ltr'><em>nium</em></span> <span class='ocrx_word' id='word_1_144' title='bbox 517 2186 672 2278; x_wconf 82' lang='lat' dir='ltr'><em>fidelium</em></span> <span class='ocrx_word' id='word_1_145' title='bbox 701 2185 790 2278; x_wconf 87' lang='lat' dir='ltr'><em>sacre</em></span> <span class='ocrx_word' id='word_1_146' title='bbox 824 2188 890 2258; x_wconf 86' lang='lat' dir='ltr'><em>Dei</em></span> <span class='ocrx_word' id='word_1_147' title='bbox 924 2188 1085 2280; x_wconf 83' lang='lat' dir='ltr'><em>Ecclesia,</em></span> <span class='ocrx_word' id='word_1_148' title='bbox 1121 2216 1175 2260; x_wconf 88' lang='lat' dir='ltr'><em>no·</em></span> <span class='ocrx_word' id='word_1_149' title='bbox 1242 2189 1302 2275; x_wconf 85' lang='lat' dir='ltr'><em>·fie</em></span> <span class='ocrx_word' id='word_1_150' title='bbox 1327 2186 1474 2282; x_wconf 80' lang='lat' dir='ltr'><em>concessas</em></span> <span class='ocrx_word' id='word_1_151' title='bbox 1507 2192 1530 2260; x_wconf 75' lang='grc' dir='ltr'><em>ὸ</em></span> <span class='ocrx_word' id='word_1_152' title='bbox 1564 2187 1770 2284; x_wconf 77' lang='lat' dir='ltr'><em>Principibus</em></span> <span class='ocrx_word' id='word_1_153' title='bbox 1804 2186 1853 2256; x_wconf 74' lang='lat'><em>(92</em></span> <span class='ocrx_word' id='word_1_154' title='bbox 1882 2189 2027 2258; x_wconf 81' lang='lat' dir='ltr'><em>Ducc’bns</em></span> 
     </span>
     <span class='ocr_line' id='line_1_16' title="bbox 402 2285 2026 2388; baseline -0.001 -29"><span class='ocrx_word' id='word_1_155' title='bbox 402 2288 601 2386; x_wconf 76' lang='lat' dir='ltr'><em>stratumque</em></span> <span class='ocrx_word' id='word_1_156' title='bbox 620 2285 815 2388; x_wconf 75' lang='lat' dir='ltr'><em>presensinm</em></span> <span class='ocrx_word' id='word_1_157' title='bbox 835 2315 873 2362; x_wconf 92' lang='lat' dir='ltr'><em>ac</em></span> <span class='ocrx_word' id='word_1_158' title='bbox 891 2289 1073 2380; x_wconf 86' lang='lat' dir='ltr'><em>suturarum</em></span> <span class='ocrx_word' id='word_1_159' title='bbox 1095 2317 1174 2363; x_wconf 86' lang='lat' dir='ltr'><em>coen·</em></span> <span class='ocrx_word' id='word_1_160' title='bbox 1253 2291 1310 2384; x_wconf 89' lang='lat' dir='ltr'><em>seu</em></span> <span class='ocrx_word' id='word_1_161' title='bbox 1336 2293 1503 2388; x_wconf 78' lang='lat' dir='ltr'><em>Regibus.</em></span> <span class='ocrx_word' id='word_1_162' title='bbox 1537 2289 1680 2377; x_wconf 82' lang='lat' dir='ltr'><em>Ccnfilcs</em></span> <span class='ocrx_word' id='word_1_163' title='bbox 1706 2312 1842 2387; x_wconf 79' lang='lat' dir='ltr'><em>namque</em></span> <span class='ocrx_word' id='word_1_164' title='bbox 1868 2311 1971 2358; x_wconf 89' lang='lat' dir='ltr'><em>omncs</em></span> <span class='ocrx_word' id='word_1_165' title='bbox 1995 2315 2026 2358; x_wconf 88' lang='lat' dir='ltr'><em>e·</em></span> 
     </span>
     <span class='ocr_line' id='line_1_17' title="bbox 407 2389 2027 2492; baseline -0.001 -30"><span class='ocrx_word' id='word_1_166' title='bbox 407 2391 584 2488; x_wconf 88' lang='lat' dir='ltr'><em>prehendat</em></span> <span class='ocrx_word' id='word_1_167' title='bbox 608 2389 824 2482; x_wconf 81' lang='lat' dir='ltr'><em>universitas,</em></span> <span class='ocrx_word' id='word_1_168' title='bbox 850 2392 989 2488; x_wconf 79' lang='lat' dir='ltr'><em>qualiter</em></span> <span class='ocrx_word' id='word_1_169' title='bbox 1013 2391 1173 2466; x_wconf 79' lang='lat' dir='ltr'><em>interven·</em></span> <span class='ocrx_word' id='word_1_170' title='bbox 1252 2391 1379 2489; x_wconf 81' lang='lat' dir='ltr'><em>jusdem</em></span> <span class='ocrx_word' id='word_1_171' title='bbox 1405 2391 1566 2486; x_wconf 83' lang='lat' dir='ltr'><em>Ecclcfie,</em></span> <span class='ocrx_word' id='word_1_172' title='bbox 1592 2413 1630 2464; x_wconf 91' lang='lat' dir='ltr'><em>nt</em></span> <span class='ocrx_word' id='word_1_173' title='bbox 1650 2413 1729 2492; x_wconf 86' lang='lat' dir='ltr'><em>pars</em></span> <span class='ocrx_word' id='word_1_174' title='bbox 1749 2389 1873 2492; x_wconf 84' lang='lat' dir='ltr'><em>presari</em></span> <span class='ocrx_word' id='word_1_175' title='bbox 1897 2389 2027 2488; x_wconf 84' lang='lat' dir='ltr'><em>Episco-</em></span> 
     </span>
     <span class='ocr_line' id='line_1_18' title="bbox 410 2492 2027 2593; baseline 0.001 -28"><span class='ocrx_word' id='word_1_176' title='bbox 410 2513 449 2565; x_wconf 88' lang='lat' dir='ltr'><em>tn</em></span> <span class='ocrx_word' id='word_1_177' title='bbox 473 2521 510 2566; x_wconf 89' lang='lat' dir='ltr'><em>ac</em></span> <span class='ocrx_word' id='word_1_178' title='bbox 533 2493 687 2589; x_wconf 88' lang='lat' dir='ltr'><em>petitione</em></span> <span class='ocrx_word' id='word_1_179' title='bbox 719 2493 903 2565; x_wconf 80' lang='lat' dir='ltr'><em>Theoderici</em></span> <span class='ocrx_word' id='word_1_180' title='bbox 937 2492 1033 2581; x_wconf 83' lang='lat' dir='ltr'><em>noslri</em></span> <span class='ocrx_word' id='word_1_181' title='bbox 1065 2493 1178 2568; x_wconf 73' lang='lat' dir='ltr'><em>dilcsli</em></span> <span class='ocrx_word' id='word_1_182' title='bbox 1256 2495 1308 2593; x_wconf 88' lang='lat' dir='ltr'><em>pii</em></span> <span class='ocrx_word' id='word_1_183' title='bbox 1332 2495 1537 2586; x_wconf 78' lang='lat' dir='ltr'><em>dominetur,</em></span> <span class='ocrx_word' id='word_1_184' title='bbox 1557 2493 1729 2592; x_wconf 83' lang='lat' dir='ltr'><em>jubemus,</em></span> <span class='ocrx_word' id='word_1_185' title='bbox 1756 2495 1847 2566; x_wconf 89' lang='lat' dir='ltr'><em>nullo</em></span> <span class='ocrx_word' id='word_1_186' title='bbox 1868 2495 2027 2566; x_wconf 83' lang='lat' dir='ltr'><em>contrudi·</em></span> 
     </span>
     <span class='ocr_line' id='line_1_19' title="bbox 410 2593 2027 2698; baseline 0.001 -30"><span class='ocrx_word' id='word_1_187' title='bbox 410 2595 607 2668; x_wconf 84' lang='lat' dir='ltr'><em>Cancellarii</em></span> <span class='ocrx_word' id='word_1_188' title='bbox 629 2617 687 2692; x_wconf 88' lang='lat' dir='ltr'><em>per</em></span> <span class='ocrx_word' id='word_1_189' title='bbox 710 2593 791 2669; x_wconf 86' lang='lat' dir='ltr'><em>banc</em></span> <span class='ocrx_word' id='word_1_190' title='bbox 815 2595 913 2684; x_wconf 87' lang='lat' dir='ltr'><em>noslss&#39;</em></span> <span class='ocrx_word' id='word_1_191' title='bbox 937 2597 1081 2694; x_wconf 85' lang='lat' dir='ltr'><em>Precepti</em></span> <span class='ocrx_word' id='word_1_192' title='bbox 1102 2619 1175 2695; x_wconf 87' lang='lat' dir='ltr'><em>pre·</em></span> <span class='ocrx_word' id='word_1_193' title='bbox 1258 2618 1368 2689; x_wconf 87' lang='lat' dir='ltr'><em>cente,</em></span> <span class='ocrx_word' id='word_1_194' title='bbox 1400 2596 1486 2685; x_wconf 78' lang='lat' dir='ltr'><em>ficut</em></span> <span class='ocrx_word' id='word_1_195' title='bbox 1520 2597 1703 2698; x_wconf 85' lang='lat' dir='ltr'><em>antiquitus</em></span> <span class='ocrx_word' id='word_1_196' title='bbox 1730 2595 1875 2688; x_wconf 88' lang='lat' dir='ltr'><em>sccerat.</em></span> <span class='ocrx_word' id='word_1_197' title='bbox 1910 2595 2027 2684; x_wconf 85' lang='lat' dir='ltr'><em>Noslra</em></span> 
     </span>
     <span class='ocr_line' id='line_1_20' title="bbox 405 2695 2027 2798; baseline 0.001 -30"><span class='ocrx_word' id='word_1_198' title='bbox 405 2697 527 2790; x_wconf 54' lang='lat' dir='ltr'><em>,lentem</em></span> <span class='ocrx_word' id='word_1_199' title='bbox 574 2697 729 2794; x_wconf 88' lang='lat' dir='ltr'><em>aginam,</em></span> <span class='ocrx_word' id='word_1_200' title='bbox 762 2717 859 2794; x_wconf 85' lang='lat' dir='ltr'><em>prout</em></span> <span class='ocrx_word' id='word_1_201' title='bbox 878 2695 963 2792; x_wconf 77' lang='lat' dir='ltr'><em>susle</em></span> <span class='ocrx_word' id='word_1_202' title='bbox 987 2701 1033 2772; x_wconf 64' lang='grc' dir='ltr'><em>Θ</em></span> <span class='ocrx_word' id='word_1_203' title='bbox 1057 2701 1172 2796; x_wconf 87' lang='lat' dir='ltr'><em>legali·</em></span> <span class='ocrx_word' id='word_1_204' title='bbox 1262 2722 1396 2796; x_wconf 84' lang='lat' dir='ltr'><em>namque</em></span> <span class='ocrx_word' id='word_1_205' title='bbox 1420 2701 1587 2798; x_wconf 76' lang='lat' dir='ltr'><em>imperiali</em></span> <span class='ocrx_word' id='word_1_206' title='bbox 1621 2697 1810 2775; x_wconf 74' lang='lat' dir='ltr'><em>anllmisate</em></span> <span class='ocrx_word' id='word_1_207' title='bbox 1834 2698 1866 2770; x_wconf 91' lang='lat' dir='ltr'><em>ei</em></span> <span class='ocrx_word' id='word_1_208' title='bbox 1890 2697 2027 2770; x_wconf 61' lang='lat' dir='ltr'><em>concedis</em></span> 
     </span>
     <span class='ocr_line' id='line_1_21' title="bbox 410 2719 2030 2901; baseline 0.002 -32"><span class='ocrx_word' id='word_1_209' title='bbox 410 2817 460 2870; x_wconf 89' lang='lat' dir='ltr'><em>tcr</em></span> <span class='ocrx_word' id='word_1_210' title='bbox 489 2719 667 2898; x_wconf 76' lang='lat' dir='ltr'><em>possiumus,</em></span> <span class='ocrx_word' id='word_1_211' title='bbox 695 2799 808 2893; x_wconf 79' lang='lat' dir='ltr'><em>sanlle</em></span> <span class='ocrx_word' id='word_1_212' title='bbox 841 2799 937 2873; x_wconf 81' lang='lat' dir='ltr'><em>Sedis</em></span> <span class='ocrx_word' id='word_1_213' title='bbox 970 2799 1106 2886; x_wconf 81' lang='lat' dir='ltr'><em>Eccleste</em></span> <span class='ocrx_word' id='word_1_214' title='bbox 1140 2801 1175 2873; x_wconf 94' lang='lat' dir='ltr'><em>in</em></span> <span class='ocrx_word' id='word_1_215' title='bbox 1260 2827 1329 2872; x_wconf 92' lang='lat' dir='ltr'><em>mus</em></span> <span class='ocrx_word' id='word_1_216' title='bbox 1353 2799 1629 2896; x_wconf 86' lang='lat' dir='ltr'><em>confirmationes,</em></span> <span class='ocrx_word' id='word_1_217' title='bbox 1653 2823 1792 2901; x_wconf 80' lang='lat' dir='ltr'><em>estpars</em></span> <span class='ocrx_word' id='word_1_218' title='bbox 1815 2797 1955 2896; x_wconf 84' lang='lat' dir='ltr'><em>ejusdcm</em></span> <span class='ocrx_word' id='word_1_219' title='bbox 1979 2803 2030 2872; x_wconf 85' lang='lat' dir='ltr'><em>E·</em></span> 
     </span>
     <span class='ocr_line' id='line_1_22' title="bbox 411 2899 2027 3002; baseline 0.001 -28"><span class='ocrx_word' id='word_1_220' title='bbox 411 2901 500 2976; x_wconf 77' lang='lat' dir='ltr'><em>beati</em></span> <span class='ocrx_word' id='word_1_221' title='bbox 523 2899 673 3002; x_wconf 71' lang='lat' dir='ltr'><em>Apostoll</em></span> <span class='ocrx_word' id='word_1_222' title='bbox 697 2901 845 2974; x_wconf 84' lang='lat' dir='ltr'><em>Mattbei</em></span> <span class='ocrx_word' id='word_1_223' title='bbox 862 2899 927 2986; x_wconf 82' lang='lat' dir='ltr'><em>fite</em></span> <span class='ocrx_word' id='word_1_224' title='bbox 951 2903 1083 2994; x_wconf 87' lang='lat' dir='ltr'><em>loonore,</em></span> <span class='ocrx_word' id='word_1_225' title='bbox 1119 2903 1176 2976; x_wconf 84' lang='lat' dir='ltr'><em>nbi</em></span> <span class='ocrx_word' id='word_1_226' title='bbox 1257 2901 1378 3001; x_wconf 86' lang='lat' dir='ltr'><em>piscopi</em></span> <span class='ocrx_word' id='word_1_227' title='bbox 1412 2905 1528 2978; x_wconf 83' lang='lat' dir='ltr'><em>babeat</em></span> <span class='ocrx_word' id='word_1_228' title='bbox 1558 2903 1742 3002; x_wconf 81' lang='lat' dir='ltr'><em>potestatem</em></span> <span class='ocrx_word' id='word_1_229' title='bbox 1766 2904 1812 2976; x_wconf 86' lang='lat' dir='ltr'><em>ad</em></span> <span class='ocrx_word' id='word_1_230' title='bbox 1836 2902 1971 2989; x_wconf 77' lang='lat' dir='ltr'><em>Ecclcste</em></span> <span class='ocrx_word' id='word_1_231' title='bbox 1997 2929 2027 2975; x_wconf 86' lang='lat' dir='ltr'><em>e·</em></span> 
     </span>
     <span class='ocr_line' id='line_1_23' title="bbox 412 3000 2028 3102; baseline 0.002 -28"><span class='ocrx_word' id='word_1_232' title='bbox 412 3003 555 3101; x_wconf 81' lang='lat' dir='ltr'><em>quotidie</em></span> <span class='ocrx_word' id='word_1_233' title='bbox 581 3003 704 3096; x_wconf 89' lang='lat' dir='ltr'><em>summe</em></span> <span class='ocrx_word' id='word_1_234' title='bbox 730 3002 892 3078; x_wconf 82' lang='lat' dir='ltr'><em>Trinitnts&#39;</em></span> <span class='ocrx_word' id='word_1_235' title='bbox 925 3005 1031 3078; x_wconf 81' lang='lat' dir='ltr'><em>debite</em></span> <span class='ocrx_word' id='word_1_236' title='bbox 1056 3031 1172 3078; x_wconf 86' lang='lat' dir='ltr'><em>canun-</em></span> <span class='ocrx_word' id='word_1_237' title='bbox 1197 3000 1231 3072; x_wconf 88' lang='lat' dir='ltr'>C</span> <span class='ocrx_word' id='word_1_238' title='bbox 1254 3003 1382 3100; x_wconf 73' lang='lat' dir='ltr'><em>jusdem</em></span> <span class='ocrx_word' id='word_1_239' title='bbox 1403 3005 1463 3102; x_wconf 78' lang='lat' dir='ltr'><em>jus</em></span> <span class='ocrx_word' id='word_1_240' title='bbox 1487 3009 1635 3080; x_wconf 89' lang='lat' dir='ltr'><em>ordinare</em></span> <span class='ocrx_word' id='word_1_241' title='bbox 1661 3007 1749 3100; x_wconf 87' lang='lat' dir='ltr'><em>insru</em></span> <span class='ocrx_word' id='word_1_242' title='bbox 1773 3017 1914 3079; x_wconf 78' lang='lat' dir='ltr'><em>eandem</em></span> <span class='ocrx_word' id='word_1_243' title='bbox 1930 3003 2028 3080; x_wconf 79' lang='lat' dir='ltr'><em>Civi-</em></span> 
     </span>
     <span class='ocr_line' id='line_1_24' title="bbox 412 3105 2029 3208; baseline 0.002 -32"><span class='ocrx_word' id='word_1_244' title='bbox 412 3126 466 3176; x_wconf 88' lang='lat' dir='ltr'><em>tur</em></span> <span class='ocrx_word' id='word_1_245' title='bbox 490 3106 623 3198; x_wconf 85' lang='lat' dir='ltr'><em>landes,</em></span> <span class='ocrx_word' id='word_1_246' title='bbox 658 3126 753 3204; x_wconf 88' lang='lat' dir='ltr'><em>atque</em></span> <span class='ocrx_word' id='word_1_247' title='bbox 779 3105 1014 3178; x_wconf 83' lang='lat' dir='ltr'><em>inviolabiliter</em></span> <span class='ocrx_word' id='word_1_248' title='bbox 1039 3107 1084 3178; x_wconf 78' lang='lat'><em>(9⁴</em></span> <span class='ocrx_word' id='word_1_249' title='bbox 1102 3129 1174 3205; x_wconf 87' lang='lat' dir='ltr'><em>per·</em></span> <span class='ocrx_word' id='word_1_250' title='bbox 1260 3128 1359 3179; x_wconf 88' lang='lat' dir='ltr'><em>tatem</em></span> <span class='ocrx_word' id='word_1_251' title='bbox 1383 3108 1522 3208; x_wconf 81' lang='lat' dir='ltr'><em>quinque</em></span> <span class='ocrx_word' id='word_1_252' title='bbox 1547 3111 1792 3201; x_wconf 87' lang='lat' dir='ltr'><em>Macellasoees‚</em></span> <span class='ocrx_word' id='word_1_253' title='bbox 1828 3109 1886 3182; x_wconf 86' lang='lat' dir='ltr'><em>uli</em></span> <span class='ocrx_word' id='word_1_254' title='bbox 1919 3109 2029 3181; x_wconf 81' lang='lat' dir='ltr'><em>uolue-</em></span> 
     </span>
     <span class='ocr_line' id='line_1_25' title="bbox 409 3205 2028 3305; baseline 0.002 -27"><span class='ocrx_word' id='word_1_255' title='bbox 409 3209 583 3304; x_wconf 87' lang='lat' dir='ltr'><em>petualiter</em></span> <span class='ocrx_word' id='word_1_256' title='bbox 608 3210 745 3282; x_wconf 84' lang='lat' dir='ltr'><em>Amoto</em></span> <span class='ocrx_word' id='word_1_257' title='bbox 771 3205 876 3305; x_wconf 86' lang='lat' dir='ltr'><em>ipssus</em></span> <span class='ocrx_word' id='word_1_258' title='bbox 903 3205 1037 3304; x_wconf 83' lang='lat' dir='ltr'><em>prefate</em></span> <span class='ocrx_word' id='word_1_259' title='bbox 1055 3210 1176 3284; x_wconf 85' lang='lat' dir='ltr'><em>Ecclc·</em></span> <span class='ocrx_word' id='word_1_260' title='bbox 1261 3209 1328 3299; x_wconf 89' lang='lat' dir='ltr'><em>rit,</em></span> <span class='ocrx_word' id='word_1_261' title='bbox 1354 3213 1400 3282; x_wconf 93' lang='lat' dir='ltr'><em>ad</em></span> <span class='ocrx_word' id='word_1_262' title='bbox 1424 3237 1532 3282; x_wconf 92' lang='lat' dir='ltr'><em>carnes</em></span> <span class='ocrx_word' id='word_1_263' title='bbox 1555 3213 1761 3286; x_wconf 82' lang='lat' dir='ltr'><em>vendendas.</em></span> <span class='ocrx_word' id='word_1_264' title='bbox 1784 3215 1970 3283; x_wconf 68' lang='lat' dir='ltr'><em>statuentes</em></span> <span class='ocrx_word' id='word_1_265' title='bbox 1980 3209 2028 3296; x_wconf 83' lang='lat' dir='ltr'><em>fi·</em></span> 
     </span>
     <span class='ocr_line' id='line_1_26' title="bbox 413 3306 2029 3408; baseline 0.002 -29"><span class='ocrx_word' id='word_1_266' title='bbox 413 3307 458 3382; x_wconf 81' lang='lat' dir='ltr'><em>sse</em></span> <span class='ocrx_word' id='word_1_267' title='bbox 484 3306 769 3406; x_wconf 84' lang='lat' dir='ltr'><em>Archiepisopo,</em></span> <span class='ocrx_word' id='word_1_268' title='bbox 806 3307 962 3403; x_wconf 73' lang='lat' dir='ltr'><em>noslroqnc</em></span> <span class='ocrx_word' id='word_1_269' title='bbox 980 3307 1101 3400; x_wconf 84' lang='lat' dir='ltr'><em>fideli,</em></span> <span class='ocrx_word' id='word_1_270' title='bbox 1136 3313 1177 3382; x_wconf 86' lang='lat' dir='ltr'><em>ele</em></span> <span class='ocrx_word' id='word_1_271' title='bbox 1261 3310 1386 3408; x_wconf 87' lang='lat' dir='ltr'><em>quidem</em></span> <span class='ocrx_word' id='word_1_272' title='bbox 1413 3311 1468 3380; x_wconf 84' lang='lat' dir='ltr'><em>illi</em></span> <span class='ocrx_word' id='word_1_273' title='bbox 1501 3313 1694 3380; x_wconf 84' lang='lat' dir='ltr'><em>concedimus</em></span> <span class='ocrx_word' id='word_1_274' title='bbox 1728 3313 1773 3378; x_wconf 71' lang='grc' dir='ltr'><em>ό·</em></span> <span class='ocrx_word' id='word_1_275' title='bbox 1806 3310 2029 3399; x_wconf 82' lang='lat' dir='ltr'><em>confimnamns</em></span> 
     </span>
     <span class='ocr_line' id='line_1_27' title="bbox 412 3406 2025 3506; baseline -0.002 -24"><span class='ocrx_word' id='word_1_276' title='bbox 412 3435 494 3482; x_wconf 82' lang='lat' dir='ltr'><em>novo</em></span> <span class='ocrx_word' id='word_1_277' title='bbox 529 3407 722 3484; x_wconf 83' lang='lat' dir='ltr'><em>concedimus</em></span> <span class='ocrx_word' id='word_1_278' title='bbox 747 3409 792 3480; x_wconf 76' lang='grc'><em>(9·</em></span> <span class='ocrx_word' id='word_1_279' title='bbox 818 3407 1038 3502; x_wconf 78' lang='lat' dir='ltr'><em>confirmamus</em></span> <span class='ocrx_word' id='word_1_280' title='bbox 1071 3437 1176 3484; x_wconf 89' lang='lat' dir='ltr'><em>ornnes</em></span> <span class='ocrx_word' id='word_1_281' title='bbox 1261 3436 1365 3482; x_wconf 91' lang='lat' dir='ltr'><em>amnes</em></span> <span class='ocrx_word' id='word_1_282' title='bbox 1389 3409 1468 3483; x_wconf 91' lang='lat' dir='ltr'><em>illas</em></span> <span class='ocrx_word' id='word_1_283' title='bbox 1491 3433 1561 3499; x_wconf 89' lang='lat' dir='ltr'><em>res,</em></span> <span class='ocrx_word' id='word_1_284' title='bbox 1587 3435 1647 3506; x_wconf 87' lang='lat' dir='ltr'><em>que</em></span> <span class='ocrx_word' id='word_1_285' title='bbox 1671 3411 1714 3480; x_wconf 87' lang='lat' dir='ltr'><em>ab</em></span> <span class='ocrx_word' id='word_1_286' title='bbox 1738 3406 1877 3500; x_wconf 70' lang='lat' dir='ltr'><em>ejusdcm</em></span> <span class='ocrx_word' id='word_1_287' title='bbox 1896 3409 2025 3506; x_wconf 81' lang='lat' dir='ltr'><em>Episco-</em></span> 
     </span>
     <span class='ocr_line' id='line_1_28' title="bbox 410 3509 2026 3612; baseline -0.001 -28"><span class='ocrx_word' id='word_1_288' title='bbox 410 3537 461 3584; x_wconf 87' lang='lat' dir='ltr'><em>rcs</em></span> <span class='ocrx_word' id='word_1_289' title='bbox 485 3511 531 3586; x_wconf 71' lang='grc'><em>(9·</em></span> <span class='ocrx_word' id='word_1_290' title='bbox 551 3511 759 3610; x_wconf 77' lang='lat' dir='ltr'><em>proprietates</em></span> <span class='ocrx_word' id='word_1_291' title='bbox 784 3513 826 3584; x_wconf 89' lang='lat' dir='ltr'><em>ab</em></span> <span class='ocrx_word' id='word_1_292' title='bbox 845 3511 990 3607; x_wconf 86' lang='lat' dir='ltr'><em>antiquis</em></span> <span class='ocrx_word' id='word_1_293' title='bbox 1014 3510 1173 3612; x_wconf 82' lang='lat' dir='ltr'><em>Prs‘ncipi·</em></span> <span class='ocrx_word' id='word_1_294' title='bbox 1257 3513 1297 3610; x_wconf 88' lang='lat' dir='ltr'><em>pi</em></span> <span class='ocrx_word' id='word_1_295' title='bbox 1317 3511 1391 3607; x_wconf 79' lang='lat' dir='ltr'><em>susc</em></span> <span class='ocrx_word' id='word_1_296' title='bbox 1410 3511 1480 3596; x_wconf 85' lang='lat' dir='ltr'><em>sine</em></span> <span class='ocrx_word' id='word_1_297' title='bbox 1505 3511 1628 3583; x_wconf 87' lang='lat' dir='ltr'><em>rasione</em></span> <span class='ocrx_word' id='word_1_298' title='bbox 1654 3511 1699 3580; x_wconf 63' lang='grc' dir='ltr'><em>Θ</em></span> <span class='ocrx_word' id='word_1_299' title='bbox 1717 3509 1851 3606; x_wconf 81' lang='lat' dir='ltr'><em>jullieia</em></span> <span class='ocrx_word' id='word_1_300' title='bbox 1872 3513 1942 3608; x_wconf 79' lang='lat' dir='ltr'><em>poll</em></span> <span class='ocrx_word' id='word_1_301' title='bbox 1959 3509 2026 3584; x_wconf 84' lang='lat' dir='ltr'><em>oli·</em></span> 
     </span>
     <span class='ocr_line' id='line_1_29' title="bbox 413 3609 2027 3714; baseline -0.002 -24"><span class='ocrx_word' id='word_1_302' title='bbox 413 3615 471 3690; x_wconf 81' lang='lat' dir='ltr'><em>bus</em></span> <span class='ocrx_word' id='word_1_303' title='bbox 506 3613 604 3712; x_wconf 82' lang='lat' dir='ltr'><em>ipstns</em></span> <span class='ocrx_word' id='word_1_304' title='bbox 627 3612 790 3688; x_wconf 85' lang='lat' dir='ltr'><em>Civitatis</em></span> <span class='ocrx_word' id='word_1_305' title='bbox 818 3612 959 3711; x_wconf 78' lang='lat' dir='ltr'><em>predille</em></span> <span class='ocrx_word' id='word_1_306' title='bbox 983 3612 1037 3684; x_wconf 81' lang='lat' dir='ltr'><em>hec</em></span> <span class='ocrx_word' id='word_1_307' title='bbox 1060 3615 1174 3708; x_wconf 88' lang='lat' dir='ltr'><em>conces·</em></span> <span class='ocrx_word' id='word_1_308' title='bbox 1258 3635 1326 3684; x_wconf 91' lang='lat' dir='ltr'><em>tum</em></span> <span class='ocrx_word' id='word_1_309' title='bbox 1344 3609 1456 3704; x_wconf 72' lang='lat' dir='ltr'><em>salillo</em></span> <span class='ocrx_word' id='word_1_310' title='bbox 1482 3613 1703 3684; x_wconf 88' lang='lat' dir='ltr'><em>recordationis</em></span> <span class='ocrx_word' id='word_1_311' title='bbox 1722 3611 1843 3706; x_wconf 79' lang='lat' dir='ltr'><em>Petri,</em></span> <span class='ocrx_word' id='word_1_312' title='bbox 1872 3609 2027 3714; x_wconf 81' lang='lat' dir='ltr'><em>ejusdem</em></span> 
     </span>
     <span class='ocr_line' id='line_1_30' title="bbox 407 3711 2029 3834; baseline 0 -48"><span class='ocrx_word' id='word_1_313' title='bbox 407 3714 465 3808; x_wconf 89' lang='lat' dir='ltr'><em>sas</em></span> <span class='ocrx_word' id='word_1_314' title='bbox 490 3715 646 3802; x_wconf 82' lang='lat' dir='ltr'><em>Ecclefie,</em></span> <span class='ocrx_word' id='word_1_315' title='bbox 666 3715 725 3805; x_wconf 82' lang='lat' dir='ltr'><em>sen</em></span> <span class='ocrx_word' id='word_1_316' title='bbox 749 3729 787 3784; x_wconf 81' lang='lat' dir='ltr'><em>e&#39;a</em></span> <span class='ocrx_word' id='word_1_317' title='bbox 812 3737 870 3812; x_wconf 87' lang='lat' dir='ltr'><em>qne</em></span> <span class='ocrx_word' id='word_1_318' title='bbox 895 3711 1054 3834; x_wconf 69' lang='lat' dir='ltr'><em>Gisulfus</em></span> <span class='ocrx_word' id='word_1_319' title='bbox 1075 3716 1175 3790; x_wconf 84' lang='lat' dir='ltr'><em>Prin·</em></span> <span class='ocrx_word' id='word_1_320' title='bbox 1261 3712 1413 3790; x_wconf 81' lang='lat' dir='ltr'><em>Ecclesre</em></span> <span class='ocrx_word' id='word_1_321' title='bbox 1454 3713 1668 3789; x_wconf 80' lang='lat' dir='ltr'><em>venerabilis</em></span> <span class='ocrx_word' id='word_1_322' title='bbox 1707 3713 1877 3816; x_wconf 82' lang='lat' dir='ltr'><em>Episcopi</em></span> <span class='ocrx_word' id='word_1_323' title='bbox 1921 3715 2029 3834; x_wconf 71' lang='lat' dir='ltr'><em>allate</em></span> 
     </span>
     <span class='ocr_line' id='line_1_31' title="bbox 413 3811 2029 4018; baseline 0 -30"><span class='ocrx_word' id='word_1_324' title='bbox 413 3811 1073 4018; x_wconf 61' lang='lat' dir='ltr'><em>523⁹}lslllzlzsfitltsl‘,</em></span> <span class='ocrx_word' id='word_1_325' title='bbox 1087 3819 1178 3996; x_wconf 65' lang='lat'><em>⁰3¹5„</em></span> <span class='ocrx_word' id='word_1_326' title='bbox 1200 3819 1440 3994; x_wconf 50' lang='lat' dir='ltr'><em>utilioris</em></span> <span class='ocrx_word' id='word_1_327' title='bbox 1459 3814 1908 3996; x_wconf 57' lang='lat' dir='ltr'><em>illllss‘lnllls‘tll?</em></span> <span class='ocrx_word' id='word_1_328' title='bbox 1924 3839 2029 4004; x_wconf 64' lang='lat' dir='ltr'><em>’vll</em></span> 
     </span>
     <span class='ocr_line' id='line_1_32' title="bbox 414 4020 2117 4121; baseline -0.002 -29"><span class='ocrx_word' id='word_1_329' title='bbox 414 4047 451 4093; x_wconf 94' lang='lat' dir='ltr'><em>ca</em></span> <span class='ocrx_word' id='word_1_330' title='bbox 477 4038 535 4121; x_wconf 82' lang='lat' dir='ltr'><em>qu&#39;c</em></span> <span class='ocrx_word' id='word_1_331' title='bbox 561 4021 650 4096; x_wconf 87' lang='lat' dir='ltr'><em>intra</em></span> <span class='ocrx_word' id='word_1_332' title='bbox 683 4021 814 4096; x_wconf 86' lang='lat' dir='ltr'><em>candem</em></span> <span class='ocrx_word' id='word_1_333' title='bbox 849 4021 1029 4096; x_wconf 84' lang='lat' dir='ltr'><em>Civitatem</em></span> <span class='ocrx_word' id='word_1_334' title='bbox 1063 4023 1178 4096; x_wconf 83' lang='lat' dir='ltr'><em>labere</em></span> <span class='ocrx_word' id='word_1_335' title='bbox 1260 4047 1324 4120; x_wconf 82' lang='lat' dir='ltr'><em>qua</em></span> <span class='ocrx_word' id='word_1_336' title='bbox 1348 4041 1424 4098; x_wconf 91' lang='lat' dir='ltr'><em>ante</em></span> <span class='ocrx_word' id='word_1_337' title='bbox 1443 4020 1575 4119; x_wconf 86' lang='lat' dir='ltr'><em>scriptio</em></span> <span class='ocrx_word' id='word_1_338' title='bbox 1597 4045 1656 4119; x_wconf 84' lang='lat' dir='ltr'><em>pce</em></span> <span class='ocrx_word' id='word_1_339' title='bbox 1680 4048 1794 4096; x_wconf 91' lang='lat' dir='ltr'><em>manus</em></span> <span class='ocrx_word' id='word_1_340' title='bbox 1815 4021 2027 4116; x_wconf 78' lang='lat' dir='ltr'><em>ejusdemso·</em></span> <span class='ocrx_word' id='word_1_341' title='bbox 2115 4083 2117 4088; x_wconf 79' lang='grc'>,</span> 
     </span>
     <span class='ocr_line' id='line_1_33' title="bbox 412 4123 2026 4220; baseline -0.001 -26"><span class='ocrx_word' id='word_1_342' title='bbox 412 4123 567 4197; x_wconf 82' lang='lat' dir='ltr'><em>videntne</em></span> <span class='ocrx_word' id='word_1_343' title='bbox 598 4147 695 4220; x_wconf 79' lang='lat' dir='ltr'><em>qnam</em></span> <span class='ocrx_word' id='word_1_344' title='bbox 721 4143 831 4218; x_wconf 83' lang='lat' dir='ltr'><em>extra,</em></span> <span class='ocrx_word' id='word_1_345' title='bbox 867 4149 935 4196; x_wconf 91' lang='lat' dir='ltr'><em>curn</em></span> <span class='ocrx_word' id='word_1_346' title='bbox 960 4124 1054 4198; x_wconf 84' lang='lat' dir='ltr'><em>terris</em></span> <span class='ocrx_word' id='word_1_347' title='bbox 1079 4124 1174 4217; x_wconf 86' lang='lat' dir='ltr'><em>illis,</em></span> <span class='ocrx_word' id='word_1_348' title='bbox 1260 4126 1378 4196; x_wconf 84' lang='lat' dir='ltr'><em>bannis</em></span> <span class='ocrx_word' id='word_1_349' title='bbox 1396 4123 1510 4216; x_wconf 78' lang='lat' dir='ltr'><em>salla,</em></span> <span class='ocrx_word' id='word_1_350' title='bbox 1536 4123 1654 4216; x_wconf 78' lang='lat' dir='ltr'><em>ostensa</em></span> <span class='ocrx_word' id='word_1_351' title='bbox 1665 4125 1789 4217; x_wconf 90' lang='lat' dir='ltr'><em>suerit,</em></span> <span class='ocrx_word' id='word_1_352' title='bbox 1810 4123 2026 4218; x_wconf 82' lang='lat' dir='ltr'><em>dijudicamus</em></span> 
     </span>
     <span class='ocr_line' id='line_1_34' title="bbox 412 4225 2025 4325; baseline 0.001 -31"><span class='ocrx_word' id='word_1_353' title='bbox 412 4251 472 4323; x_wconf 87' lang='lat' dir='ltr'><em>qne</em></span> <span class='ocrx_word' id='word_1_354' title='bbox 509 4227 597 4298; x_wconf 86' lang='lat' dir='ltr'><em>ultra</em></span> <span class='ocrx_word' id='word_1_355' title='bbox 631 4225 781 4322; x_wconf 83' lang='lat' dir='ltr'><em>fluvium</em></span> <span class='ocrx_word' id='word_1_356' title='bbox 823 4226 1017 4319; x_wconf 84' lang='lat' dir='ltr'><em>Tusciannrn</em></span> <span class='ocrx_word' id='word_1_357' title='bbox 1053 4229 1178 4325; x_wconf 87' lang='lat' dir='ltr'><em>presatc</em></span> <span class='ocrx_word' id='word_1_358' title='bbox 1260 4253 1329 4300; x_wconf 83' lang='lat' dir='ltr'><em>earn</em></span> <span class='ocrx_word' id='word_1_359' title='bbox 1350 4245 1409 4324; x_wconf 83' lang='lat' dir='ltr'><em>pto</em></span> <span class='ocrx_word' id='word_1_360' title='bbox 1433 4251 1559 4296; x_wconf 87' lang='lat' dir='ltr'><em>munere</em></span> <span class='ocrx_word' id='word_1_361' title='bbox 1585 4226 1711 4298; x_wconf 82' lang='lat' dir='ltr'><em>irritam</em></span> <span class='ocrx_word' id='word_1_362' title='bbox 1738 4228 1783 4298; x_wconf 75' lang='grc'><em>(9·</em></span> <span class='ocrx_word' id='word_1_363' title='bbox 1808 4227 1956 4317; x_wconf 82' lang='lat' dir='ltr'><em>inanem,</em></span> <span class='ocrx_word' id='word_1_364' title='bbox 1992 4247 2025 4296; x_wconf 87' lang='lat' dir='ltr'><em>co</em></span> 
     </span>
     <span class='ocr_line' id='line_1_35' title="bbox 411 4325 2025 4426; baseline 0 -26"><span class='ocrx_word' id='word_1_365' title='bbox 411 4325 548 4412; x_wconf 81' lang='lat' dir='ltr'><em>Ecclefic</em></span> <span class='ocrx_word' id='word_1_366' title='bbox 569 4326 727 4424; x_wconf 81' lang='lat' dir='ltr'><em>pertinere</em></span> <span class='ocrx_word' id='word_1_367' title='bbox 742 4329 898 4402; x_wconf 83' lang='lat' dir='ltr'><em>videntur</em></span> <span class='ocrx_word' id='word_1_368' title='bbox 923 4328 1018 4426; x_wconf 87' lang='lat' dir='ltr'><em>usqne</em></span> <span class='ocrx_word' id='word_1_369' title='bbox 1041 4335 1088 4402; x_wconf 86' lang='lat' dir='ltr'><em>ad</em></span> <span class='ocrx_word' id='word_1_370' title='bbox 1103 4329 1175 4424; x_wconf 87' lang='lat' dir='ltr'><em>flu-</em></span> <span class='ocrx_word' id='word_1_371' title='bbox 1260 4329 1344 4425; x_wconf 84' lang='lat' dir='ltr'><em>quod</em></span> <span class='ocrx_word' id='word_1_372' title='bbox 1360 4347 1469 4400; x_wconf 73' lang='lat' dir='ltr'><em>centn</em></span> <span class='ocrx_word' id='word_1_373' title='bbox 1485 4329 1681 4402; x_wconf 90' lang='lat' dir='ltr'><em>Canonicarn</em></span> <span class='ocrx_word' id='word_1_374' title='bbox 1699 4327 1919 4402; x_wconf 70' lang='lat' dir='ltr'><em>annositatem</em></span> <span class='ocrx_word' id='word_1_375' title='bbox 1930 4327 2025 4421; x_wconf 89' lang='lat' dir='ltr'><em>suam</em></span> 
     </span>
     <span class='ocr_line' id='line_1_36' title="bbox 409 4428 2026 4528; baseline 0 -28"><span class='ocrx_word' id='word_1_376' title='bbox 409 4430 525 4520; x_wconf 83' lang='lat' dir='ltr'><em>vium,</em></span> <span class='ocrx_word' id='word_1_377' title='bbox 559 4429 616 4528; x_wconf 81' lang='lat' dir='ltr'><em>qni</em></span> <span class='ocrx_word' id='word_1_378' title='bbox 639 4429 758 4504; x_wconf 82' lang='lat' dir='ltr'><em>dicitur</em></span> <span class='ocrx_word' id='word_1_379' title='bbox 782 4431 889 4522; x_wconf 74' lang='lat' dir='ltr'><em>Siler,</em></span> <span class='ocrx_word' id='word_1_380' title='bbox 918 4429 977 4528; x_wconf 91' lang='lat' dir='ltr'><em>sen</em></span> <span class='ocrx_word' id='word_1_381' title='bbox 1003 4430 1038 4502; x_wconf 89' lang='lat' dir='ltr'><em>r&#39;n</em></span> <span class='ocrx_word' id='word_1_382' title='bbox 1064 4430 1168 4503; x_wconf 87' lang='lat' dir='ltr'><em>Comi·</em></span> <span class='ocrx_word' id='word_1_383' title='bbox 1260 4428 1398 4523; x_wconf 85' lang='lat' dir='ltr'><em>desernit</em></span> <span class='ocrx_word' id='word_1_384' title='bbox 1430 4430 1569 4521; x_wconf 82' lang='lat' dir='ltr'><em>Sedens,</em></span> <span class='ocrx_word' id='word_1_385' title='bbox 1596 4429 1642 4502; x_wconf 56' lang='grc' dir='ltr'><em>(θ’</em></span> <span class='ocrx_word' id='word_1_386' title='bbox 1674 4433 1720 4502; x_wconf 85' lang='lat' dir='ltr'><em>ad</em></span> <span class='ocrx_word' id='word_1_387' title='bbox 1744 4430 1845 4504; x_wconf 91' lang='lat' dir='ltr'><em>aliam</em></span> <span class='ocrx_word' id='word_1_388' title='bbox 1879 4430 2026 4524; x_wconf 79' lang='lat' dir='ltr'><em>acceffit:</em></span> 
     </span>
    </p>
   </div>
   <div class='ocr_carea' id='block_1_4' title="bbox 274 4531 2027 4631">
    <p class='ocr_par' dir='ltr' id='par_1_5' title="bbox 274 4531 2027 4631">
     <span class='ocr_line' id='line_1_37' title="bbox 274 4531 2027 4631; baseline 0.001 -29"><span class='ocrx_word' id='word_1_389' title='bbox 274 4617 278 4625; x_wconf 19' lang='lat'><strong><em>³</em></strong></span> <span class='ocrx_word' id='word_1_390' title='bbox 409 4550 481 4605; x_wconf 88' lang='lat' dir='ltr'><em>ratu</em></span> <span class='ocrx_word' id='word_1_391' title='bbox 506 4531 650 4630; x_wconf 84' lang='lat' dir='ltr'><em>Capuacc&#39;</em></span> <span class='ocrx_word' id='word_1_392' title='bbox 675 4531 720 4607; x_wconf 63' lang='grc' dir='ltr'><em>Θ</em></span> <span class='ocrx_word' id='word_1_393' title='bbox 744 4531 938 4624; x_wconf 89' lang='lat' dir='ltr'><em>Dulicaria,</em></span> <span class='ocrx_word' id='word_1_394' title='bbox 964 4531 1010 4606; x_wconf 71' lang='grc'><em>(9·</em></span> <span class='ocrx_word' id='word_1_395' title='bbox 1035 4536 1071 4606; x_wconf 90' lang='lat' dir='ltr'><em>in</em></span> <span class='ocrx_word' id='word_1_396' title='bbox 1096 4555 1173 4606; x_wconf 86' lang='lat' dir='ltr'><em>oete·</em></span> <span class='ocrx_word' id='word_1_397' title='bbox 1259 4533 1343 4630; x_wconf 86' lang='lat' dir='ltr'><em>quod</em></span> <span class='ocrx_word' id='word_1_398' title='bbox 1366 4534 1491 4606; x_wconf 85' lang='lat' dir='ltr'><em>omnino</em></span> <span class='ocrx_word' id='word_1_399' title='bbox 1511 4531 1591 4625; x_wconf 84' lang='lat' dir='ltr'><em>fieri</em></span> <span class='ocrx_word' id='word_1_400' title='bbox 1625 4557 1688 4603; x_wconf 91' lang='lat' dir='ltr'><em>non</em></span> <span class='ocrx_word' id='word_1_401' title='bbox 1718 4535 1826 4631; x_wconf 85' lang='lat' dir='ltr'><em>poenit</em></span> <span class='ocrx_word' id='word_1_402' title='bbox 1853 4533 2027 4628; x_wconf 74' lang='lat' dir='ltr'><em>secundum</em></span> 
     </span>
    </p>
   </div>
   <div class='ocr_carea' id='block_1_5' title="bbox 403 4631 2037 5338">
    <p class='ocr_par' dir='ltr' id='par_1_6' title="bbox 403 4631 2037 5338">
     <span class='ocr_line' id='line_1_38' title="bbox 406 4631 2027 4732; baseline 0.001 -26"><span class='ocrx_word' id='word_1_403' title='bbox 406 4634 455 4706; x_wconf 88' lang='lat' dir='ltr'><em>ris</em></span> <span class='ocrx_word' id='word_1_404' title='bbox 485 4635 561 4706; x_wconf 89' lang='lat' dir='ltr'><em>locis</em></span> <span class='ocrx_word' id='word_1_405' title='bbox 588 4633 664 4730; x_wconf 87' lang='lat' dir='ltr'><em>jam</em></span> <span class='ocrx_word' id='word_1_406' title='bbox 697 4635 780 4713; x_wconf 80' lang='lat' dir='ltr'><em>dille</em></span> <span class='ocrx_word' id='word_1_407' title='bbox 813 4633 950 4722; x_wconf 80' lang='lat' dir='ltr'><em>Ecclesie</em></span> <span class='ocrx_word' id='word_1_408' title='bbox 980 4635 1170 4732; x_wconf 83' lang='lat' dir='ltr'><em>pertinenti·</em></span> <span class='ocrx_word' id='word_1_409' title='bbox 1258 4631 1458 4707; x_wconf 76' lang='lat' dir='ltr'><em>nulloritaris</em></span> <span class='ocrx_word' id='word_1_410' title='bbox 1495 4642 1662 4710; x_wconf 87' lang='lat' dir='ltr'><em>Canonum</em></span> <span class='ocrx_word' id='word_1_411' title='bbox 1697 4634 1863 4725; x_wconf 85' lang='lat' dir='ltr'><em>inslituta.</em></span> <span class='ocrx_word' id='word_1_412' title='bbox 1899 4635 2027 4709; x_wconf 81' lang='lat' dir='ltr'><em>Statui-</em></span> 
     </span>
     <span class='ocr_line' id='line_1_39' title="bbox 408 4733 2037 4839; baseline 0 -29"><span class='ocrx_word' id='word_1_413' title='bbox 408 4739 488 4828; x_wconf 81' lang='lat' dir='ltr'><em>bus,</em></span> <span class='ocrx_word' id='word_1_414' title='bbox 514 4763 573 4838; x_wconf 87' lang='lat' dir='ltr'><em>quc</em></span> <span class='ocrx_word' id='word_1_415' title='bbox 597 4739 664 4812; x_wconf 85' lang='lat' dir='ltr'><em>dici</em></span> <span class='ocrx_word' id='word_1_416' title='bbox 684 4740 741 4818; x_wconf 82' lang='lat' dir='ltr'><em>vel</em></span> <span class='ocrx_word' id='word_1_417' title='bbox 765 4739 925 4816; x_wconf 88' lang='lat' dir='ltr'><em>nominari</em></span> <span class='ocrx_word' id='word_1_418' title='bbox 946 4733 1091 4838; x_wconf 76' lang='lat' dir='ltr'><em>possiunt.</em></span> <span class='ocrx_word' id='word_1_419' title='bbox 1118 4741 1173 4810; x_wconf 88' lang='lat' dir='ltr'><em>ln·</em></span> <span class='ocrx_word' id='word_1_420' title='bbox 1259 4761 1349 4828; x_wconf 89' lang='lat' dir='ltr'><em>mus,</em></span> <span class='ocrx_word' id='word_1_421' title='bbox 1376 4761 1413 4810; x_wconf 90' lang='lat' dir='ltr'><em>nt</em></span> <span class='ocrx_word' id='word_1_422' title='bbox 1433 4759 1512 4838; x_wconf 90' lang='lat' dir='ltr'><em>pars</em></span> <span class='ocrx_word' id='word_1_423' title='bbox 1533 4737 1654 4838; x_wconf 87' lang='lat' dir='ltr'><em>presati</em></span> <span class='ocrx_word' id='word_1_424' title='bbox 1677 4739 1828 4839; x_wconf 81' lang='lat' dir='ltr'><em>Episcopi</em></span> <span class='ocrx_word' id='word_1_425' title='bbox 1851 4737 2037 4836; x_wconf 80' lang='lat' dir='ltr'><em>distringet</em></span> 
     </span>
     <span class='ocr_line' id='line_1_40' title="bbox 403 4835 2026 4936; baseline 0.002 -27"><span class='ocrx_word' id='word_1_426' title='bbox 403 4839 499 4934; x_wconf 74' lang='lat' dir='ltr'><em>super</em></span> <span class='ocrx_word' id='word_1_427' title='bbox 523 4839 631 4914; x_wconf 85' lang='lat' dir='ltr'><em>etiam-</em></span> <span class='ocrx_word' id='word_1_428' title='bbox 646 4843 834 4914; x_wconf 83' lang='lat' dir='ltr'><em>conccdc&#39;mns</em></span> <span class='ocrx_word' id='word_1_429' title='bbox 869 4840 1015 4931; x_wconf 84' lang='lat' dir='ltr'><em>Caslrnm</em></span> <span class='ocrx_word' id='word_1_430' title='bbox 1049 4839 1174 4916; x_wconf 81' lang='lat' dir='ltr'><em>Libani</em></span> <span class='ocrx_word' id='word_1_431' title='bbox 1205 4835 1362 4912; x_wconf 85' lang='lat' dir='ltr'><em>Eumnes</em></span> <span class='ocrx_word' id='word_1_432' title='bbox 1380 4838 1520 4934; x_wconf 74' lang='lat' dir='ltr'><em>forenses</em></span> <span class='ocrx_word' id='word_1_433' title='bbox 1543 4841 1739 4916; x_wconf 84' lang='lat' dir='ltr'><em>Preslitcros</em></span> <span class='ocrx_word' id='word_1_434' title='bbox 1750 4840 1818 4926; x_wconf 73' lang='lat' dir='ltr'><em>stuc·</em></span> <span class='ocrx_word' id='word_1_435' title='bbox 1831 4839 2026 4936; x_wconf 83' lang='lat' dir='ltr'><em>pertinenter</em></span> 
     </span>
     <span class='ocr_line' id='line_1_41' title="bbox 407 4939 2025 5041; baseline 0.002 -32"><span class='ocrx_word' id='word_1_436' title='bbox 407 4965 477 5011; x_wconf 88' lang='lat' dir='ltr'><em>cum</em></span> <span class='ocrx_word' id='word_1_437' title='bbox 501 4941 644 5016; x_wconf 77' lang='lat' dir='ltr'><em>omuibus</em></span> <span class='ocrx_word' id='word_1_438' title='bbox 668 4940 890 5041; x_wconf 78' lang='lat' dir='ltr'><em>adjacentibus</em></span> <span class='ocrx_word' id='word_1_439' title='bbox 906 4941 975 5028; x_wconf 78' lang='lat' dir='ltr'><em>sthi</em></span> <span class='ocrx_word' id='word_1_440' title='bbox 985 4998 997 5033; x_wconf 91' lang='lat'>‚</span> <span class='ocrx_word' id='word_1_441' title='bbox 1023 4942 1171 5038; x_wconf 82' lang='lat' dir='ltr'><em>quemad·</em></span> <span class='ocrx_word' id='word_1_442' title='bbox 1258 4943 1469 5033; x_wconf 72' lang='lat' dir='ltr'><em>accustus,</em></span> <span class='ocrx_word' id='word_1_443' title='bbox 1488 4945 1650 5040; x_wconf 80' lang='lat' dir='ltr'><em>omnesque</em></span> <span class='ocrx_word' id='word_1_444' title='bbox 1667 4947 1839 5014; x_wconf 88' lang='lat' dir='ltr'><em>eorumdem</em></span> <span class='ocrx_word' id='word_1_445' title='bbox 1851 4939 2025 5036; x_wconf 74' lang='lat' dir='ltr'><em>familias,</em></span> 
     </span>
     <span class='ocr_line' id='line_1_42' title="bbox 405 5039 2027 5140; baseline 0.002 -27"><span class='ocrx_word' id='word_1_446' title='bbox 405 5043 532 5114; x_wconf 85' lang='lat' dir='ltr'><em>modurn</em></span> <span class='ocrx_word' id='word_1_447' title='bbox 572 5043 658 5116; x_wconf 84' lang='lat' dir='ltr'><em>illud</em></span> <span class='ocrx_word' id='word_1_448' title='bbox 696 5042 877 5140; x_wconf 79' lang='lat' dir='ltr'><em>antiquitus</em></span> <span class='ocrx_word' id='word_1_449' title='bbox 922 5043 991 5138; x_wconf 86' lang='lat' dir='ltr'><em>ipsa</em></span> <span class='ocrx_word' id='word_1_450' title='bbox 1030 5039 1172 5125; x_wconf 86' lang='lat' dir='ltr'><em>Ecclesla</em></span> <span class='ocrx_word' id='word_1_451' title='bbox 1254 5041 1376 5134; x_wconf 83' lang='lat' dir='ltr'><em>scilicet</em></span> <span class='ocrx_word' id='word_1_452' title='bbox 1400 5045 1494 5134; x_wconf 88' lang='lat' dir='ltr'><em>illos,</em></span> <span class='ocrx_word' id='word_1_453' title='bbox 1520 5044 1578 5140; x_wconf 88' lang='lat' dir='ltr'><em>qni</em></span> <span class='ocrx_word' id='word_1_454' title='bbox 1603 5045 1638 5114; x_wconf 86' lang='lat' dir='ltr'><em>in</em></span> <span class='ocrx_word' id='word_1_455' title='bbox 1664 5041 1803 5126; x_wconf 85' lang='lat' dir='ltr'><em>Dioeccst</em></span> <span class='ocrx_word' id='word_1_456' title='bbox 1820 5041 1957 5137; x_wconf 84' lang='lat' dir='ltr'><em>ejusdcm</em></span> <span class='ocrx_word' id='word_1_457' title='bbox 1976 5051 2027 5116; x_wconf 76' lang='lat' dir='ltr'><em>E·</em></span> 
     </span>
     <span class='ocr_line' id='line_1_43' title="bbox 404 5141 2026 5244; baseline 0 -28"><span class='ocrx_word' id='word_1_458' title='bbox 404 5145 508 5222; x_wconf 87' lang='lat' dir='ltr'><em>renuit</em></span> <span class='ocrx_word' id='word_1_459' title='bbox 533 5146 579 5218; x_wconf 78' lang='grc'><em>(9·</em></span> <span class='ocrx_word' id='word_1_460' title='bbox 601 5143 768 5222; x_wconf 85' lang='lat' dir='ltr'><em>dominata</em></span> <span class='ocrx_word' id='word_1_461' title='bbox 793 5141 837 5236; x_wconf 85' lang='lat' dir='ltr'><em>csl</em></span> <span class='ocrx_word' id='word_1_462' title='bbox 859 5161 918 5240; x_wconf 88' lang='lat' dir='ltr'><em>pce</em></span> <span class='ocrx_word' id='word_1_463' title='bbox 943 5149 1094 5240; x_wconf 76' lang='lat' dir='ltr'><em>Ptescpsa</em></span> <span class='ocrx_word' id='word_1_464' title='bbox 1119 5141 1164 5214; x_wconf 69' lang='grc'><em>(9·</em></span> <span class='ocrx_word' id='word_1_465' title='bbox 1256 5144 1389 5244; x_wconf 89' lang='lat' dir='ltr'><em>piscopir&#39;</em></span> <span class='ocrx_word' id='word_1_466' title='bbox 1413 5145 1587 5222; x_wconf 79' lang='lat' dir='ltr'><em>babitans:</em></span> <span class='ocrx_word' id='word_1_467' title='bbox 1605 5145 1755 5216; x_wconf 83' lang='lat' dir='ltr'><em>Volumus</em></span> <span class='ocrx_word' id='word_1_468' title='bbox 1779 5165 1817 5217; x_wconf 87' lang='lat' dir='ltr'><em>ut</em></span> <span class='ocrx_word' id='word_1_469' title='bbox 1836 5143 1962 5242; x_wconf 80' lang='lat' dir='ltr'><em>judicer</em></span> <span class='ocrx_word' id='word_1_470' title='bbox 1980 5146 2026 5240; x_wconf 54' lang='grc' dir='ltr'><em>(ἢ</em></span> 
     </span>
     <span class='ocr_line' id='line_1_44' title="bbox 1841 5247 1974 5338; baseline -0.06 -16"><span class='ocrx_word' id='word_1_471' title='bbox 1841 5247 1974 5338; x_wconf 57' lang='lat' dir='ltr'><em>dislllll·</em></span> 
     </span>
    </p>
   </div>
   <div class='ocr_carea' id='block_1_6' title="bbox 0 0 2318 6148">
    <p class='ocr_par' dir='ltr' id='par_1_7' title="bbox 0 0 2318 6148">
     <span class='ocr_line' id='line_1_45' title="bbox 0 0 2318 6148; baseline 0 0"><span class='ocrx_word' id='word_1_472' title='bbox 0 0 2318 6148; x_wconf 95' lang='lat' dir='ltr'><em> </em></span> 
     </span>
    </p>
   </div>
  </div>
 </body>
</html>
