4534 6164
462 512 466 522 .
499 405 585 524 ιιι

811 337 1202 522 nacconis.
1262 399 1492 493 neore
1543 401 1725 496 Aoos

1920 411 2011 526 '75³⁰‘

440 523 553 616 hicne,
579 513 674 616 sium
699 520 777 596 recle
786 575 920 598 .......
938 525 1105 617 Masurii,
1126 526 1207 618 suns
1233 523 1268 597 A
1289 522 1363 609 sim
1388 525 1423 597 in
1449 553 1548 599 meam
1572 528 1752 622 poreslotem
1772 521 1912 624 predidi
1936 519 2076 600 Ardein'

441 629 532 710 emhe
572 624 698 710 insimul
732 623 840 722 jugies
874 627 1007 717 sedecim
1042 627 1076 698 in
1111 629 1201 715 loco,

441 728 500 826 qui
533 747 664 798 orcarur
698 731 922 824 Magregnano
957 729 992 800 iu
1028 729 1202 802 montaneis

437 828 604 926 parribus.
629 825 719 915 Sesto
745 829 945 922 Masaricies,
971 854 1029 927 que
1046 829 1095 924 fir
1120 830 1204 903 relic

443 931 488 1001 Θ
511 929 656 1002 laborata
678 951 736 1025 per
761 929 836 1002 icem
852 933 1057 1024 Iohannem,
1084 932 1204 1029 eslper

441 1030 585 1124 mensura
616 1027 705 1122 susle
731 1031 815 1103 incer
839 1034 996 1125 casaliciis
1023 1035 1067 1106 Θ·
1091 1035 1200 1120 areis,

440 1131 498 1204 uhi
522 1130 603 1202 viris
629 1133 731 1220 esiam
748 1133 807 1226 seu
829 1135 958 1233 praeis,
982 1135 1204 1233 jugies-duc;

441 1233 535 1304 neris
559 1234 695 1306 arabilis
704 1287 796 1310 .....
811 1233 951 1330 serhidis
976 1239 1020 1308 Θ
1053 1237 1203 1330 huscaleis

434 1333 535 1422 fimul
554 1332 665 1430 jugies
689 1338 769 1410 due.
795 1338 942 1434 Septima
967 1364 1098 1436 namque
1123 1343 1207 1412 Mo·

1299 627 1334 696 ni
1358 629 1478 700 Comici
1502 629 1644 702 omnihus
1668 629 1779 701 diehus
1803 627 1874 700 vire
1897 653 1963 698 mee
1981 655 2078 700 soen·

1297 729 1418 822 dendi,
1453 731 1618 822 donandi,
1653 731 1748 803 aliter
1767 727 1968 823 judicandi,
2003 727 2074 800 vel

1298 830 1438 928 quicquit
1462 831 1544 902 mihi
1566 832 1722 928 placuerit
1742 831 1910 923 saciendi.
1944 834 1992 901 Er
2018 832 2071 902 de

1298 957 1451 1025 quereum
1485 933 1567 1005 mihi
1590 938 1613 1004 d
1637 935 1691 1005 die
1724 934 1828 1006 olricus
1852 931 1913 1002 mci
1937 930 1970 1002 in
1994 935 2071 1003 da-

1296 1033 1341 1102 ris
1366 1035 1547 1128 remanseris
1570 1041 1610 1106 de
1630 1034 1702 1129 sam
1731 1035 1818 1124 sares
1843 1032 2032 1124 Masaricies
2047 1087 2066 1126 ‚

1302 1137 1375 1205 volo
1400 1137 1457 1207 θ·
1466 1135 1595 1230 judico,
1631 1157 1669 1208 ur
1692 1136 1806 1208 habeas
1831 1135 1900 1232 ipsa
1924 1161 2067 1206 venerr-

1297 1237 1374 1309 hilis
1400 1237 1539 1323 Ecclesia
1562 1238 1617 1309 vel
1652 1236 1881 1326 Monaflerium
1910 1235 1982 1330 sum
2003 1237 2070 1326 sc-

1297 1359 1345 1410 res
1369 1339 1560 1433 Masaricies
1582 1342 1623 1410 de
1656 1359 1810 1438 quantum
1834 1338 1915 1410 mihi
1949 1339 2067 1410 induce

436 1437 578 1532 saricia,
613 1459 672 1532 que
706 1433 763 1534 esse
794 1439 927 1511 viderur
961 1441 996 1512 in
1030 1442 1118 1533 loro‚·
1149 1443 1205 1538 qui
1234 1440 1261 1510 B
1297 1439 1521 1533 remanserint,
1556 1443 1612 1515 uhi
1646 1463 1752 1540 corpus
1776 1466 1877 1514 meum
1901 1459 2063 1510 momorum

439 1539 563 1613 dicitur
594 1541 808 1638 Badregnano
817 1594 927 1616 ......
938 1541 1022 1614 rolla
1047 1544 1092 1614 (θ’
1116 1545 1199 1616 leho·

441 1659 518 1716 rasa
538 1661 597 1738 per
621 1647 828 1735 Murranum,
865 1646 910 1716 θ
935 1642 978 1732 esl
1000 1666 1058 1740 per
1082 1645 1200 1737 mensu·

440 1767 481 1817 ra
509 1740 598 1836 susla
633 1744 717 1815 inser
744 1743 914 1837 sediminis
939 1748 984 1818 Φ·
1008 1745 1113 1838 orsis,
1149 1745 1204 1818 uhi

440 1843 525 1918 vicis
549 1842 676 1937 eslans,
705 1845 763 1939 seu
789 1848 882 1918 serris
906 1847 1066 1938 arabilis,
1102 1851 1203 1945 adque

438 1947 570 2044 praeis,
605 1947 702 2018 eriam
740 1950 820 2020 ulvis
845 1977 913 2020 cum
924 2002 1015 2024 .....
1025 1949 1202 2041 huscaleis‚

1298 1569 1421 1615 manere
1445 1543 1597 1632 viderur,
1634 1552 1680 1614 (θ’
1706 1541 1832 1635 sariam
1857 1541 1970 1613 exinde
1993 1547 2067 1614 Ca·

1298 1645 1426 1734 norici,
1460 1643 1535 1730 seve
1572 1645 1751 1735 Monochi,
1790 1645 1848 1742 qui
1882 1644 1918 1715 in
1953 1645 2063 1717 eodem

1298 1744 1437 1832 Ecclesia
1461 1745 1603 1819 ordinari
1623 1747 1767 1839 suerint,
1792 1745 1850 1818 uhi
1872 1746 2063 1842 uulumpses

1298 1847 1362 1919 Dei
1381 1847 1476 1939 suis,
1512 1851 1596 1946 quod
1629 1869 1736 1946 cerpus
1769 1873 1869 1918 meum
1903 1867 2057 1918 murrum

1298 1950 1343 2019 <9⁶
1369 1949 1530 2047 sepultum
1560 1949 1681 2042 scurris,
1710 1951 1762 2024 ad
1794 1974 1897 2019 corson
1932 1948 1988 2040 usu
2012 1948 2058 2020 (θ’

442 2047 572 2134 insimul
591 2045 702 2144 sugres
725 2047 813 2121 cilo.
840 2049 963 2124 Oilava
988 2076 1069 2122 vero·
1088 2051 1196 2144 Mosa·
1291 2050 1421 2146 sumptu
1437 2073 1513 2146 pars
1529 2051 1739 2148 suprascripte
1757 2047 1892 2136 Ecclesie
1908 2061 1962 2122 vel
1974 2055 2061 2122 Mo·

441 2149 545 2238 eicie,
581 2175 640 2246 quc
673 2145 730 2240 esse
745 2149 886 2221 'viderur
909 2153 955 2224 ad
988 2153 1111 2240 locum,
1147 2151 1203 2250 qui
1298 2151 1427 2238 nesierii
1447 2152 1655 2250 proprietario
1681 2151 1804 2223 nomine
1829 2153 1968 2248 quicquic
1985 2153 2060 2223 vol.

442 2269 576 2321 vocatur
593 2248 732 2336 Pristino
757 2252 802 2320 Θ·
819 2251 934 2342 Casale
959 2252 1200 2327 Maurani....
1297 2252 1435 2341 verinr,·
1459 2280 1493 2323 eo
1517 2281 1592 2325 vero
1616 2255 1746 2342 urdine,
1766 2252 1851 2339 Jicuc
1876 2254 1923 2324 hic
1940 2255 2055 2342 subires

441 2350 630 2437 Cillanum‚
660 2351 704 2420 Θ·
720 2350 888 2441 Johannes
914 2353 1041 2442 Leoni,
1077 2378 1136 2450 que
1160 2355 1202 2442 esl
1230 2347 1264 2420 C
1298 2354 1435 2450 legitur,
1473 2375 1509 2426 ur
1543 2354 1651 2426 nullus
1685 2355 1858 2451 Episcopus
1883 2353 1955 2440 sive
1979 2357 2058 2428 Ab·

436 2473 496 2550 per
532 2449 677 2542 mensure
711 2449 800 2544 susle
839 2453 922 2525 incer
953 2454 1124 2547 sediminis
1158 2459 1202 2528 cl·
1298 2458 1380 2547 has,
1414 2458 1470 2528 vel
1494 2456 1614 2553 aliquis
1640 2483 1758 2552 nragna
1788 2479 1953 2554 parvaque
1980 2478 2058 2552 per.

438 2553 548 2644 areis,
583 2554 639 2624 uhi
663 2551 747 2622 viris
771 2551 898 2645 eslans,
927 2554 985 2648 seu
1010 2555 1103 2627 serris
1127 2582 1193 2630 ara·
1290 2557 1370 2648 sona
1399 2557 1554 2654 predilles
1588 2557 1777 2648 Masaricies
1817 2579 1895 2629 rores
1929 2557 1983 2629 vel
2016 2587 2056 2630 erc

440 2655 538 2744 hilis,
569 2651 680 2750 jugies
697 2653 836 2749 septem.
864 2659 960 2728 Nona
984 2680 1059 2726 vero
1087 2659 1195 2749 Maso·
1292 2678 1386 2754 parre
1419 2661 1577 2749 vendere,
1612 2663 1754 2750 donare,
1789 2679 1969 2751 comosum,
2003 2687 2059 2732 nec

439 2753 545 2846 sicia,
572 2779 630 2852 qne
656 2753 698 2842 est
720 2753 824 2850 postea
848 2761 893 2828 ad
918 2758 1011 2847 loca,
1036 2781 1095 2854 que
1118 2761 1195 2830 dioi-
1297 2759 1331 2830 in
1357 2757 1503 2852 henesicio
1530 2759 1604 2844 five
1634 2781 1693 2856 per
1717 2761 1888 2853 libellum,
1924 2763 1980 2834 vel
2001 2784 2059 2859 per

439 2877 494 2926 rur
517 2851 686 2950 Gerousa,
713 2856 757 2926 Ο·
775 2855 823 2952 ss
848 2856 964 2930 cellum
987 2880 1044 2956 per
1072 2867 1199 2933 Petrum
1294 2859 1404 2933 coliher
1433 2861 1559 2959 ingenio
1583 2862 1683 2934 alicui
1707 2865 1783 2936 dare
1809 2889 1869 2934 non
1898 2866 2057 2960 presumas
2084 2881 2087 2886 '

439 2959 484 3028 (θ’
511 2957 583 3052 suis
607 2957 774 3050 censionis,
809 2983 867 3055 que
900 2963 943 3048 esi
974 2963 1200 3058 permensum
1289 2961 1361 3046 stne
1385 2991 1454 3034 mea
1479 2989 1669 3062 meorumque
1695 2965 1839 3036 heredum
1866 2965 2055 3040 licenciam.

370 3095 375 3102 ·
431 3057 524 3154 jusla
549 3059 632 3130 incer
654 3058 822 3154 sediminis
848 3060 893 3128 θ
917 3062 1026 3152 areis,
1063 3065 1119 3136 uhi
1144 3065 1194 3136 vi·
1294 3062 1443 3158 ,Quodsi
1466 3065 1631 3156 eveneris,
1668 3067 1750 3162 quod
1783 3088 1911 3140 aversas
1936 3068 2057 3140 divino

437 3161 482 3231 ris
503 3158 605 3250 estant
625 3159 681 3252 seu
704 3160 797 3232 serris
814 3162 970 3252 arabilis,
996 3165 1099 3260 adque
1119 3187 1192 3264 pra·
1292 3166 1457 3260 potencia,
1498 3187 1534 3237 ur
1561 3165 1595 3252 st
1628 3169 1748 3263 aliquis
1786 3170 1957 3258 Ponrisex‚
1998 3191 2059 3242 asos

437 3261 503 3347 ris,
525 3260 634 3357 jugies
659 3282 821 3359 quarum·
845 3263 885 3332 de
905 3261 1044 3359 jerhidis
1069 3267 1113 3337 ch
1141 3269 1193 3339 hu
1231 3260 1264 3330 D
1295 3268 1437 3358 Abbas,
1472 3266 1547 3353 five
1580 3269 1700 3364 aliquis
1735 3297 1850 3366 magna
1888 3292 2057 3368 parvaque

429 3361 545 3454 scaleis
563 3360 675 3459 jugies
699 3362 782 3434 olio.
810 3363 940 3438 Decima
966 3393 1099 3464 namque
1117 3373 1182 3440 Ma
1293 3367 1422 3462 persona
1446 3371 1487 3440 de
1519 3369 1671 3466 predihlis
1696 3372 1884 3456 Masaricies
1908 3394 1973 3440 rore
1998 3372 2058 3440 vel

429 3463 578 3556 saricia‚'
598 3490 657 3561 que
682 3463 725 3554 esl
746 3463 850 3562 posita
874 3468 920 3537 cd
944 3469 1028 3559 loco,
1064 3470 1121 3566 qui
1144 3471 1195 3540 di·
1294 3495 1331 3540 erc
1353 3489 1446 3564 parce
1470 3470 1569 3542 alicui
1594 3471 1693 3542 omini
1716 3469 1789 3552 ,doe
1816 3467 1969 3552 Ecclefiae
1994 3493 2051 3564 per

436 3566 518 3636 citur
535 3569 777 3664 ¹Qreingnenrum
795 3569 998 3658 Communis,
1025 3570 1069 3639 θ
1087 3569 1136 3661 fir
1154 3596 1194 3642 re·
1293 3571 1453 3666 aliquavis
1477 3573 1609 3643 situlum
1633 3573 1688 3644 vel
1712 3593 1813 3642 tenore
1837 3571 1962 3641 dederit
1981 3569 2054 3655 fine

434 3665 519 3737 llum
540 3687 599 3760 per
625 3670 860 3760 lngelverrum,
898 3669 942 3736 (9¹
966 3668 1009 3753 esl
1029 3690 1087 3765 per
1112 3698 1195 3742 mere·
1294 3670 1396 3760 nostre
1421 3661 1570 3762 licencia,
1598 3696 1673 3747 tunc
1691 3675 1802 3762 slacim
1822 3695 1983 3746 revertam
1996 3673 2055 3766 su·

429 3765 510 3859 sura
527 3762 619 3858 jusla
645 3765 728 3835 inser
745 3763 915 3857 sediminis
940 3769 985 3838 Θ
1009 3771 1113 3864 areis,
1140 3774 1195 3846 uhi
1287 3773 1476 3870 prascripres
1509 3775 1698 3866 Masaricies
1734 3777 1768 3847 in
1801 3803 1869 3848 mea
1904 3801 2055 3846 meorum·

435 3864 517 3937 vicis
551 3865 674 3958 diane,
709 3865 767 3962 seu
801 3867 894 3941 serris
927 3872 1063 3946 arabilis
1096 3877 1197 3974 adque
1292 3901 1351 3970 quc
1374 3876 1520 3948 heredum
1542 3877 1723 3974 poreslarem
1744 3879 1787 3948 (J
1804 3877 2052 3966 discussionem,

430 3967 538 4066 pratis
550 3993 574 4054 ,·
593 3968 687 4067 suges
707 3967 860 4055 stmilirer
883 3969 968 4050 olio.
1004 3979 1053 4046 Er
1071 3975 1105 4062 Ji
1128 4005 1191 4049 am·
1291 3977 1444 4072 quousque
1467 3981 1594 4051 venerio
1618 3979 1739 4076 aliquis
1763 4005 1831 4051 orno
1856 3977 1986 4068 maioris
2004 3977 2054 4064 st.

430 4069 522 4168 plius
550 4071 590 4140 de
615 4073 691 4143 meis
720 4069 808 4167 juris
843 4076 934 4146 rehus
958 4075 992 4147 in
1022 4077 1191 4174 suprascri·
1290 4105 1332 4148 vr
1357 4079 1512 4169 minoris,
1549 4081 1605 4176 qui
1633 4081 1716 4152 hunc
1741 4107 1840 4152 meum
1873 4080 2051 4171 judicatum

432 4171 501 4268 pris
526 4171 600 4244 locis
626 4173 794 4248 inventum
827 4176 928 4267 suerio
952 4180 997 4255 ad
1023 4177 1088 4248 uilo
1114 4183 1190 4249 Ma·
1227 4159 1255 4227 E
1284 4177 1416 4270 firmum
1443 4181 1486 4250 Θ
1504 4181 1623 4266 slahile
1645 4207 1825 4280 permanere
1845 4181 1974 4272 seceris,
2003 4178 2054 4266 fi·
2184 4233 2190 4243 ·

428 4272 560 4364 saricics
595 4275 789 4377 pertinentes
821 4277 893 4362 fine
932 4278 1122 4369 Masaricies
1155 4281 1195 4350 de
1290 4301 1341 4350 cur
1372 4283 1518 4378 superius
1552 4283 1690 4378 legirur.
1724 4284 1765 4356 Si
1798 4283 1869 4381 quis
1903 4308 1978 4355 vero
2010 4285 2052 4354 de

433 4376 611 4478 Sablonoo,
631 4373 766 4472 samin
786 4376 1002 4474 suprascripta
1024 4379 1193 4474 presentem
1293 4381 1403 4468 noslris
1437 4384 1601 4458 heredibus
1624 4387 1680 4457 vel
1712 4383 1962 4484 proheredibus,
1995 4386 2051 4456 vel

434 4481 602 4550 Corculum
645 4497 829 4576 permaneas
868 4479 1076 4575 proprietario
1120 4480 1194 4575 sure
1288 4484 1400 4580 aliqua
1443 4513 1560 4582 magna
1598 4507 1764 4584 parvaque
1792 4491 1933 4584 persona
1970 4495 2051 4559 hum

433 4579 538 4648 emnia
558 4579 646 4651 'cum
683 4578 898 4674 accessionibus
932 4581 978 4649 Θ
1011 4579 1197 4678 ingressibus
1287 4613 1385 4656 meum
1414 4585 1595 4680 judicatum
1622 4591 1781 4662 revolvere
1805 4589 1862 4660 vel
1888 4588 2051 4686 insrnrsgr·

424 4677 557 4770 sicarum
584 4680 618 4750 in
646 4679 821 4778 integrum.
854 4683 892 4753 in
914 4681 1192 4779 primiscrinium
1287 4711 1317 4755 re
1343 4690 1570 4785 remprnneric,
1606 4691 1668 4774 nifi
1692 4692 1776 4764 enim
1801 4717 1878 4787 ego,
1905 4691 1956 4762 cui
1978 4715 2050 4760 con·

431 4780 504 4851 volo
530 4781 575 4851 όν
591 4779 701 4868 slaruo
719 4782 777 4874 seu
798 4781 927 4875 judico,
963 4785 1007 4854 θ’
1028 4804 1086 4881 per
1110 4787 1191 4860 hunc
1285 4785 1392 4878 cessum
1425 4793 1491 4882 esi,
1526 4793 1775 4866 maledisiionem
1810 4793 1877 4867 Dei
1910 4791 2050 4886 omnipo·

430 4907 532 4954 meum
554 4879 733 4974 judicatum
758 4879 924 4976 confirmo,
950 4904 987 4956 ur
1012 4910 1115 4958 omnes
1133 4888 1186 4980 su·
1286 4891 1410 4982 reneis,
1449 4892 1695 4993 Senllorumque
1729 4897 1867 4968 omnium
1905 4894 2049 4985 haben,

426 4981 618 5080 prascripres
651 4979 853 5078 Masaricies
877 5011 946 5056 cum
970 4987 1114 5060 omnihus
1139 5017 1184 5061 ca·
1286 4991 1330 5060 (9
1365 4991 1399 5062 in
1437 4995 1492 5064 dic
1529 4999 1683 5070 tremendi
1713 5005 1746 5091 J
1747 4997 1847 5069 udicii
1885 5024 1946 5070 non
1981 5021 2051 5068 cnm

423 5083 472 5174 sir
510 5083 556 5156 θ’
596 5085 685 5158 rebus
722 5088 767 5162 ad
805 5085 925 5179 easdem
959 5090 1194 5186 pertinentibus
1286 5093 1429 5190 Angelis
1451 5097 1539 5190 Dei,
1567 5101 1629 5193 ssd
1652 5125 1721 5173 omn
1753 5097 1904 5174 Diabolis
1930 5101 1975 5172 ad
2003 5097 2052 5192 si·⁴

1866 5199 2001 5290 nistrm
