4532 6154
303 395 387 506 ,ες
592 379 1497 491 Decernunrrossrrn.
1721 419 1805 504 ,ρο

242 513 352 581 Cortes
377 507 460 578 deas
485 501 625 604 integras
649 503 791 590 Aimefii
816 505 861 592 Q·
880 503 1004 576 Rubia·
1034 503 1068 575 A
1098 527 1138 571 no
1164 499 1405 593 interdicimus,
1441 522 1477 572 ur
1512 505 1622 576 nullus
1658 509 1758 600 Dux,
1793 515 1867 584 Ari

244 638 289 682 na
324 635 391 680 eum
425 607 692 706 appendiciis&
714 605 920 705 pertinenciis
953 633 1002 678 ea·
1098 602 1304 704 cbiepchopns
1321 635 1341 698 ‚*
1358 603 1559 704 Episcopus,
1595 609 1768 703 Marebio,
1803 617 1866 688 Co·

244 735 342 782 rum:
369 735 508 782 necnon
537 709 717 806 Vigodene,
744 710 789 779 Θ·
814 713 943 780 Certen
968 711 1006 781 de
1099 731 1183 798 mes,
1211 705 1399 799 Vicecomes,
1423 707 1639 799 Sculdadius,
1666 711 1863 808 Gestaldi'o,

246 812 396 884 Volveria
420 837 489 882 cum
514 812 660 884 omnibus
678 811 751 904 suis
771 810 1005 908 pertinentiis,
1097 827 1155 880 eut
1178 808 1293 906 aliqua
1317 808 1415 898 nostri
1448 809 1579 907 imperii
1613 835 1751 910 magna,
1788 839 1865 914 par.

244 923 342 987 Petra
367 915 477 984 Orsola
510 939 577 985 cerm
613 913 772 1010 Capella,
807 912 1008 1010 omnibusque
1097 935 1202 1008 eraque
1237 911 1397 1009 persona,
1433 911 1634 1010 praedillum
1671 920 1862 1010 Abbatam,

241 1014 439 1114 appendiciis
479 1015 523 1086 (9
558 1014 763 1112 pertinenciis
794 1014 902 1108 surr,
941 1041 1009 1087 eron
1092 1012 1208 1110 surque
1240 1010 1446 1110 burrellina,
1487 1015 1649 1113 ipsamque
1682 1025 1864 1116 congrege.

240 1115 489 1218 piseationibus,
524 1118 670 1212 palearis,
697 1117 849 1214 rupibus,
877 1115 1007 1210 ruinis,
1097 1114 1215 1188 tionem
1253 1119 1295 1190 de
1332 1115 1476 1210 tbesauro
1516 1116 1699 1211 Ecclefiae,
1739 1122 1785 1192 θ’
1824 1123 1865 1194 de

243 1251 266 1297 a
293 1218 384 1316 Ripa
408 1216 538 1291 Sturiae
563 1219 656 1315 usque
679 1226 724 1290 ad
749 1219 844 1290 littus
869 1219 978 1292 Maris
992 1245 1008 1290 .·
1100 1218 1244 1290 omuibus
1272 1217 1340 1312 suis
1368 1221 1459 1296 rebus
1491 1221 1659 1294 mobilibus
1685 1225 1730 1294 θ’
1755 1221 1865 1295 innene-

247 1321 402 1414 Mansum
427 1346 525 1392 unum
551 1322 585 1392 in
611 1320 795 1414 Caristone,
831 1321 876 1392 Θ
906 1321 1008 1394 alium
1099 1320 1251 1412 bilibus,
1263 1321 1418 1412 famulos,
1446 1322 1490 1393 θ
1510 1325 1693 1415 derebus,
1729 1347 1817 1423 quae¹
1835 1326 1866 1396 i.

246 1427 280 1510 in
315 1421 493 1514 Genecula,
531 1449 603 1496 eum
636 1449 738 1496 eorum
773 1422 1008 1521 pertinenciis:
1036 1419 1065 1490 B
1103 1421 1138 1492 bi
1155 1421 1269 1515 sunt,·
1282 1424 1339 1498 vel
1363 1423 1564 1516 conserendae
1588 1445 1707 1518 erunt,
1744 1428 1869 1525 inquie-

245 1523 381 1618 Mansos
414 1525 493 1596 duos
518 1523 553 1598 in
579 1524 789 1620 Fesnrciajir,
822 1552 892 1598 cum
925 1535 1006 1600 elue·
1101 1542 1192 1614 tate,
1217 1524 1400 1618 moleslari,
1434 1524 1622 1620 disvestire,
1657 1548 1716 1600 aut
1745 1529 1866 1618 J'otrum

245 1631 304 1700 bur
337 1626 506 1723 Capellis,
540 1654 676 1702 unacum
708 1629 808 1719 dote,
843 1628 888 1700 0·
913 1628 1008 1701 tertia
1101 1625 1231 1718 tollere,
1251 1626 1309 1721 seu
1335 1635 1450 1724 Legem
1470 1627 1595 1719 faeere,
1620 1650 1679 1702 aut
1704 1630 1866 1702 Placitum

242 1749 335 1827 parte
359 1728 566 1820 dedecima,
601 1731 648 1801 θ’
671 1732 792 1802 duobus
816 1729 1006 1802 molendinis
1100 1746 1226 1820 tenere,
1266 1727 1330 1814 nili
1362 1731 1480 1808 Abbas
1513 1728 1652 1824 ejuldem
1686 1731 1767 1825 leci,
1807 1752 1867 1804 aur
2011 1735 2015 1746 '

245 1840 373 1904 Curtae.
388 1835 507 1904 Maure
539 1858 609 1903 curn
632 1832 777 1904 omnibus
803 1831 875 1924 suis
905 1830 1003 1928 perti·
1093 1827 1190 1922 suum
1213 1827 1335 1926 Miffus
1357 1831 1559 1929 praesumat,
1578 1832 1638 1925 seu
1664 1837 1698 1904 in
1722 1835 1866 1906 domibus

243 1933 388 2006 nentiis.
423 1931 553 2030 Insuper
586 1941 691 2008 Lacus
722 1936 764 2005 de
796 1932 1006 2024 Aviliania,
1098 1956 1202 2002 eorum
1239 1933 1385 2030 aliquam
1425 1932 1539 2024 inferre
1577 1935 1768 2006 violentiam
1806 1963 1867 2008 au·
1921 1982 1925 1988 ·

242 2036 290 2106 (9‘
323 2035 495 2106 Vivarium
528 2056 675 2108 meatum
711 2043 902 2130 Vuangery,
937 2061 1005 2106 eun
1098 2033 1197 2106 deor.
1230 2033 1272 2106 Si
1296 2034 1369 2130 quis
1394 2033 1496 2130 igitur
1517 2036 1710 2129 praesumtae
1735 2057 1866 2112 enuere.

245 2135 434 2208 adiacenciis
452 2137 543 2227 [uis.
568 2136 752 2232 Cunbloque
779 2136 927 2230 superius
950 2140 1004 2206 de·
1101 2131 1189 2224 rius,
1222 2134 1380 2208 diabolico
1402 2134 1569 2210 avariciae
1585 2135 1720 2222 stimulo
1741 2139 1866 2234 percus·

245 2236 410 2310 nominata
432 2263 502 2308 eum
534 2234 768 2334 sediminibus,
802 2235 937 2327 vineis,
971 2263 1004 2310 a·
1094 2231 1173 2327 sus,
1206 2234 1280 2308 buia
1304 2234 1424 2324 nostrae
1458 2233 1661 2310 mulieritatis
1697 2244 1867 2339 Praecepto

244 2336 364 2434 reisque
391 2336 547 2430 suarum,
580 2339 676 2410 terris
708 2336 908 2425 arabilibus,
943 2341 1005 2408 Ca·
1036 2333 1068 2404 C
1099 2334 1256 2424 eefissere,
1279 2357 1339 2408 aut
1362 2361 1434 2406 eum
1457 2336 1662 2432 aliquatenus
1692 2337 1867 2438 infringere

243 2441 366 2538 pelles,
399 2441 527 2535 pratis,
558 2439 693 2538 gerbis,
728 2435 876 2533 pascuis,
907 2431 1007 2522 silvis
1100 2435 1328 2530 temptaverit,
1354 2435 1480 2508 nouerit
1497 2436 1536 2529 se
1552 2435 1787 2534 compositurum
1806 2469 1867 2515 au·

244 2540 420 2638 majoribus
442 2567 481 2614 ae
506 2539 707 2618 minoribus.
731 2563 802 2610 curn
824 2535 911 2612 areis
928 2537 1005 2630 [ua-
1099 2536 1130 2606 ei
1150 2536 1309 2632 puriffimi
1332 2537 1451 2612 L'ibras
1474 2557 1597 2610 mrum
1632 2541 1774 2614 Talensa
1797 2569 1866 2617 noe·

246 2665 338 2732 run,
355 2639 570 2730 molendinis,
591 2639 840 2738 piscationibus,
857 2640 1006 2738 alpibus,
1094 2634 1197 2732 jora,
1232 2637 1354 2732 scilicet
1392 2640 1591 2716 medietatem
1623 2645 1775 2718 Camerae
1810 2671 1866 2717 no·

246 2741 352 2840 cipit,
386 2740 511 2833 ruinis,
545 2771 583 2818 ae
614 2741 810 2839 paludibus,
842 2741 940 2816 sultis
965 2742 1009 2813 Θ
1089 2739 1204 2830 strae,
1239 2743 1285 2814 (θ’
1309 2740 1507 2814 medietatem
1538 2742 1721 2838 praediblae
1755 2749 1865 2818 Eccle-

247 2843 399 2932 inrultis,
430 2842 550 2929 divisis
576 2869 613 2918 ac
637 2841 815 2932 indivisis,
849 2867 917 2916 una
941 2869 1008 2916 eum
1091 2839 1186 2924 fiae.
1210 2843 1310 2936 ¹Quod
1332 2863 1371 2916 ut
1395 2842 1505 2912 vuius
1528 2845 1696 2935 credatur,
1720 2846 1864 2944 diligen.

248 2943 484 3038 oeeeffionibus,
500 2945 558 3038 Jeu
570 2943 717 3038 finibus,
737 2943 945 3029 terminibus,
964 2945 1009 3015 (θ’
1099 2940 1223 3036 titusque
1261 2945 1303 3014 ab
1338 2944 1484 3016 omnibus
1523 2945 1725 3037 ausemano,
1767 2972 1867 3021 manu

246 3045 353 3132 ufibus
377 3071 554 3144 aquarum,
579 3070 792 3144 aquarumque
813 3045 1006 3132 decursibus.
1095 3044 1228 3141 propria
1252 3047 1451 3136 roborantes,
1480 3043 1591 3144 figito·
1616 3045 1713 3134 noslri
1738 3048 1872 3154 impres-⁶
2015 3103 2019 3111 .

246 3151 440 3247 imperantes
461 3150 569 3247 itaque
589 3147 821 3248 praecipmms,
840 3147 885 3224 Ψ
909 3155 1005 3220 omni·
1091 3143 1183 3234 sione
1206 3145 1340 3238 inferius
1364 3136 1515 3245 insigniri
1532 3146 1702 3246 juffimus.
1794 3260 1796 3269 Ι

775 3453 911 3528 Domini
917 3453 1062 3528 caerati
1070 3448 1273 3550 invillffni
1280 3460 1495 3530 Ronmorum
1501 3456 1705 3554 Imperatoris
1710 3457 1866 3557 Augullr'.
1880 3451 1889 3466 '

303 4267 410 4362 Poppo
434 4266 697 4369 Arcbiepiscapns
727 4261 932 4351 Treuerensts
964 4265 1014 4339 ln·
1045 4281 1080 4355 u
1154 4262 1281 4341 Finem
1300 4258 1357 4338 his
1372 4259 1503 4339 inciam
1520 4261 1750 4366 producendo
1765 4259 1878 4336 Char·
1926 4353 1929 4360 ,

252 4366 415 4436 teruene'r.
1103 4385 1202 4456 tam,
1229 4365 1267 4440 in
1304 4389 1373 4460 qua
1406 4367 1621 4441 Marcbionis
1653 4366 1694 4438 de
1716 4360 1882 4432 orimiano

304 4467 469 4538 Kadelout
491 4473 711 4546 cancellarius
740 4469 813 4542 viee
836 4471 1017 4544 Hennanni
1107 4465 1263 4543 occurrit
1296 4466 1458 4560 mentio,
1484 4469 1597 4562 cujus
1630 4462 1806 4544 ditionem
1841 4457 1886 4572 ip

165 4590 178 4602 ·
253 4567 517 4664 Arebr'oapellanl
541 4574 742 4668 recognovit.
1107 4566 1394 4660 montisferrati,
1427 4587 1492 4644 aut
1533 4558 1770 4640 Pedemontis
1803 4553 1890 4671 fine·

306 4673 430 4756 Datum
459 4675 515 4744 W,
540 4675 711 4748 Kalendas
727 4673 915 4765 Ianuarii,
936 4680 1013 4746 An·
1107 4673 1192 4764 bus,
1216 4686 1257 4744 ut
1282 4687 1392 4772 puto,
1416 4668 1550 4758 fitam,
1578 4691 1656 4741 non
1681 4677 1782 4734 uacat
1805 4653 1895 4726 soh·

254 4794 294 4840 no
310 4770 493 4844 Dominieae
506 4775 738 4847 incarnationis
751 4773 926 4860 Miltestnro
938 4778 1015 4847 Tai-
1106 4773 1178 4847 cite
1211 4770 1417 4872 exquirere.
1452 4773 1677 4866 Acceptum
1710 4752 1824 4832 teleto
1858 4753 1900 4826 δι

249 4870 366 4964 nelma
396 4881 539 4967 Orraon,
566 4875 888 4968 trainiacensem,
913 4859 1035 4997 Anno}
1104 4875 1204 4952 istem
1241 4867 1579 4950 beneficentiffimo
1620 4855 1765 4941 [omiti
1797 4849 1907 4924 eert-

253 4995 359 5043 enren
385 4976 518 5048 Domine·
546 4979 758 5068 Cbnonradi,
780 4977 894 5076 Regni
921 4980 1015 5060 Deci·
1104 4976 1200 5052 sotto
1219 4976 1336 5082 ptimo
1354 4966 1614 5054 Taurinenfis
1630 4971 1783 5042 santus
1801 4954 1914 5026 Pm-

250 5097 303 5140 mo
328 5098 460 5168 quarto,
486 5081 616 5178 Imperii
641 5081 829 5154 Undecimo.
1103 5078 1190 5156 fidi.

302 5177 428 5248 Acium
453 5184 590 5255 Parmae
608 5182 769 5273 feliciter.
795 5189 924 5257 Amen.
1737 5251 1878 5334 frid&
