4622 6140
491 469 575 550 ¹03
798 437 1196 562 ANTQJIT.
1244 433 1473 526 MEDII
1509 431 1686 522 Anu!
1909 471 1992 553 204

430 561 565 654 Regum
603 553 854 658 Diplomatis,
888 561 955 636 Ille
992 587 1103 639 enam
1141 561 1218 660 aps-1
1226 577 1271 658 Ap
1287 554 1366 625 dem
1394 549 1511 640 censet
1537 579 1617 627 cum
1643 556 1765 628 Comite
1790 557 1934 630 Palatii.
1971 567 2049 658 Ego

359 706 362 723 .
429 659 581 758 pellaeus
606 662 883 758 Archinotariue,
911 664 951 742 bi
977 667 1127 742 Natarii.
1155 667 1195 732 In
1289 651 1466 726 diversum
1508 651 1690 754 suspicor,
1730 683 1844 757 quum·
1880 658 2048 732 Aldricus

428 757 639 852 Diplomate
655 765 838 844 Ludovici
856 773 904 845 ΙΙ.
922 773 1028 846 Anno
1047 764 1194 838 DCCC·
1292 753 1404 854 posteo
1430 753 1633 830 Senonensrs
1660 757 1981 860 Archiepiscopns,
2009 777 2049 834 ut

427 861 507 932 Lx.
545 859 641 937 inter
680 869 937 949 Additamento,
974 873 1014 944 ad
1041 861 1190 938 Chroni·
1291 856 1337 931 esi
1364 858 1403 932 in
1428 857 1504 956 ejus
1531 856 1618 934 vira
1644 859 1735 958 apud
1758 859 1986 934 bollandistas
2005 859 2049 936 od

427 975 496 1038 ton
516 962 747 1052 Cnsnutienst
767 970 990 1049 rainerium
1012 965 1098 1056 fiatri
1122 969 1187 1035 Pa·
1291 959 1385 1034 diem
1421 961 1468 1032 V.
1504 958 1624 1050 Junii,
1660 967 1841 1057 Praeceptor
1874 963 2048 1035 Palatinus

428 1061 508 1143 sarii
533 1071 804 1152 Archinnearium
824 1077 988 1169 legimus.
1014 1063 1079 1156 Sed
1108 1063 1189 1139 scri·
1289 1061 1469 1136 institutus
1491 1059 1598 1136 suerit
1624 1063 1644 1134 b
1671 1061 1859 1138 Ludovico
1883 1064 1949 1138 tio
1970 1067 2048 1138 Au.

431 1165 588 1250 bendum
616 1179 864 1257 Taurunum,
891 1164 1087 1260 seupotius
1108 1173 1189 1240 Dru·
1288 1163 1412 1264 gusto,
1447 1187 1485 1236 ne
1517 1165 1593 1238 vita
1618 1164 1799 1263 imperialis
1831 1163 1967 1256 dudae,
2002 1165 2048 1236 0·

430 1271 615 1366 Heuurum,
636 1277 703 1370 'qui
730 1293 846 1345 reuera
865 1265 933 1341 boc'
952 1268 1097 1346 nomine
1117 1269 1191 1344 sub·
1289 1268 1410 1360 majora
1432 1269 1562 1364 negotia
1580 1263 1661 1360 suae
1692 1265 1887 1362 discretionis
1916 1267 2048 1342 arbitrie

428 1372 579 1465 scribit,
592 1377 626 1446 dc
647 1371 733 1444 nlibi
750 1367 1061 1444 Antiaaaettariar
1075 1376 1188 1472 appel·
1286 1368 1530 1462 diffinirentur.
1565 1372 1638 1444 Hic
1675 1387 1792 1443 autent
1819 1391 1890 1439 non
1917 1369 2047 1441 Comen

428 1479 540 1552 lunc.
561 1471 777 1544 Prorouotaeir'
795 1495 921 1546 munus
941 1472 1035 1548 idem
1058 1477 1077 1548 b
1103 1501 1189 1549 non·
1293 1471 1443 1562 Palatii,
1480 1467 1536 1546 sed
1562 1472 1783 1544 Cancellarius
1815 1467 1915 1542 fuisse
1950 1467 2049 1540 vide&

425 1573 537 1652 nullis
556 1571 658 1648 fuisse
676 1573 830 1648 ereditur
849 1577 1187 1673 atqueArebicaneel·
1288 1593 1363 1648 tue.
1389 1577 1498 1650 Certe
1522 1573 1721 1656 Monachus
1748 1571 1842 1672 suit3
1863 1569 1967 1646 Lniei
1988 1593 2048 1642 nu·

425 1677 550 1750 larius.
572 1678 692 1752 Plures
710 1674 818 1750 ctiam
838 1679 1052 1774 cappellanus
1071 1703 1189 1753 nume·
1288 1695 1387 1766 tem,
1422 1699 1495 1747 non
1531 1674 1693 1765 Clerici,
1734 1697 1878 1768 munere
1911 1669 2048 1743 Comier's

424 1779 525 1854 rabat
559 1781 654 1850 Aule
690 1777 821 1876 Regin,
848 1777 911 1876 qui
939 1777 1043 1854 sacris
1068 1803 1187 1878 opera·
1286 1776 1414 1848 Palatii
1438 1774 1538 1876 fungi
1566 1773 1841 1850 consueverunt.

426 1879 579 1966 bantur,
615 1875 809 1978 divinaque
835 1877 956 1954 officia
980 1877 1076 1954 stads
1104 1899 1189 1956 tent·
1336 1878 1374 1953 si
1402 1876 1574 1977 Ughellio
1600 1873 1711 1968 fides,
1738 1874 1879 1950 fuerunt
1903 1877 1938 1948 tc
1965 1879 2046 1944 Tro·

422 1975 573 2156 diss
593 1975 1190 2158 iisiissiiiisigii‘iiiiii
1286 1974 2044 2155 {sidit}JsstsYanistst

422 2109 692 2276 mebiprisbyeer
710 2107 966 2276 &eacumina
985 2115 1190 2259 s’rimieerius
1286 2186 1392 2259 Tom.
1413 2185 1440 2254 1.
1462 2183 1542 2254 Ital.
1561 2105 1726 2278 Socim
1742 2183 1858 2255 catat.
1879 2103 2043 2278 Episcbp.

424 2282 537 2376 sperae
572 2287 770 2382 cappellae,
807 2287 906 2385 cujus
931 2287 1088 2384 dignitas
1114 2288 1184 2363 eni·
1254 2303 1257 2311 ⁴
1289 2283 1443 2358 Arretin.
1482 2285 1594 2354 datum
1632 2287 1688 2358 tu.
1725 2289 1838 2356 Nonas
1870 2280 2041 2370 Martias,

424 2387 530 2478 mia,
567 2383 666 2486 cnjus
702 2386 894 2463 suetonius
929 2388 1053 2490 ingens
1088 2385 1189 2482 suit,
1224 2437 1254 2505 C
1283 2383 2043 2484 TrigefimotertioMrigestmoquarroAu·

316 2507 320 2516 '
424 2506 466 2562 ut
494 2491 619 2564 multis
644 2489 794 2563 ostendit
820 2491 1038 2566 Guilielmus
1063 2494 1184 2587 Peyra·
1283 2513 1321 2556 uo
1347 2486 1477 2583 Imperii
1502 2485 1614 2574 saliri.
1632 2489 1756 2560 Atium
1775 2495 1895 2559 Romae
1918 2484 1953 2554 in
1979 2487 2043 2554 Ee·

292 2587 294 2591 ’
422 2607 482 2664 tus
517 2589 555 2663 in
591 2595 797 2666 Comment.
834 2591 916 2668 Lib.
947 2597 972 2664 1.
1000 2597 1088 2692 Cap.
1127 2601 1185 2669 26.
1282 2587 1371 2674 esesta
1410 2587 1525 2661 santra·
1558 2590 1651 2660 Petri
1683 2589 1844 2684 Principis
1876 2583 2043 2682 Apostolos

366 2714 369 2720 ·
423 2693 515 2764 Eam
542 2717 684 2790 quoque
711 2693 748 2767 in
776 2719 849 2767 rent
878 2693 1081 2769 consulendi
1115 2698 1185 2770 Lu·
1283 2717 1378 2782 mm,
1418 2691 1475 2762 ubi
1514 2688 1579 2786 ipse
1619 2691 1654 2762 in
1693 2713 1814 2788 carpam
1854 2687 2040 2786 requiescit.

277 2871 283 2883 ,
423 2789 586 2866 donicus.
610 2793 887 2886 Thomnffinus,
923 2795 1188 2887 Mabiiionius,
1280 2795 1398 2885 Quare
1415 2791 1648 2893 DuCangius
1661 2793 1698 2869 in
1714 2794 1812 2868 suurn
1827 2787 2040 2865 Glossarium

422 2894 1017 3074 ttqbrstssstt³¹ttst⁶ffis
1037 2897 1187 3074 ‘sisti
1281 2893 1415 3070 {sss
1434 2895 1634 3095 &35:343
1659 2890 2039 3076 {iussistis

1360 3047 1371 3084 9

421 3120 565 3193 quoque
601 3097 649 3172 est
682 3099 720 3172 in
758 3099 895 3173 Italicis
924 3097 1184 3174 monumentis.
1284 3121 1358 3168 cem
1387 3093 1557 3196 suspicer·
1581 3099 1659 3175 sunt
1677 3028 1773 3176 epnim
1793 3099 1912 3184 crebra
1930 3093 2039 3170 nimis

421 3197 635 3293 Reginarium
657 3201 890 3297 Cappellauum
909 3203 1108 3298 Imperatoris
1127 3199 1183 3274 ha·
1281 3196 1371 3271 vitia
1391 3195 1516 3272 horum
1537 3159 1665 3274 similia
1685 3203 1722 3275 in
1738 3199 1978 3275 monumentis
1994 3200 2054 3272 ab

422 3297 482 3370 bes
510 3298 546 3371 in
575 3326 684 3397 nuper
709 3301 854 3373 laudato
883 3302 1088 3398 Dipiomate
1111 3306 1184 3376 Lu·
1219 3362 1251 3430 D
1279 3297 1540 3397 coproduttis.
1561 3304 1739 3375 Praeterea
1759 3301 1928 3400 nusquam
1948 3299 2037 3374 alibi

421 3395 543 3472 dovici
567 3404 612 3474 ΙΙ.
632 3405 680 3474 Et
700 3399 738 3475 in
759 3401 893 3476 Charta
914 3401 1013 3476 Anni
1036 3405 1185 3478 DCCC·
1278 3399 1432 3473 offendns
1457 3399 1493 3474 id
1519 3427 1628 3502 genus
1654 3402 1804 3477 officii:
1842 3429 1905 3477 cur
1929 3400 2037 3476 semel

420 3503 558 3576 thtt.
585 3505 741 3579 occurrit
770 3504 990 3578 Facimundur
1024 3505 1185 3576 Diaconum
1279 3520 1445 3594 tontum,
1486 3501 1554 3576 boc
1579 3505 1626 3576 esi
1651 3503 1690 3577 in
1716 3531 1790 3578 uno
1813 3502 1882 3578 illo
1907 3501 2037 3601 Diplo-

422 3604 468 3673 (9¹
493 3607 711 3702 cappellanus
736 3607 890 3702 ejusdem
919 3603 1089 3705 Augusti.
1126 3607 1181 3682 Ei·
1279 3620 1373 3676 mate
1397 3601 1573 3678 servatum
1600 3605 1709 3681 suerit
1733 3631 1855 3680 eorum
1880 3601 2035 3679 nomen?

420 3703 506 3778 dem,
530 3709 766 3804 Imperatori,
804 3707 861 3780 cui
900 3709 1105 3805 pierumque
1135 3706 1178 3781 se·
1277 3709 1396 3776 Notum
1414 3703 1462 3789 sie
1488 3704 1570 3804 (ita
1596 3708 1648 3781 ibi
1675 3705 1843 3806 scriptum
1861 3709 1876 3807 )
1894 3708 2038 3798 omnibus

421 3803 481 3877 des
508 3809 655 3880 Saeculo
681 3806 813 3882 Christi
841 3809 903 3880 ln.
928 3805 998 3880 fuir
1023 3807 1062 3881 in
1093 3809 1185 3884 Urbe
1278 3805 1474 3902 Episcopis,
1513 3811 1731 3906 Attalea,
1770 3811 1939 3900 Ducibus,
1975 3815 2036 3886 Cn.

421 3905 533 4005 Regii
559 3905 715 4010 Ticino,
740 3908 858 3982 aderat
869 3909 990 4005 Josepb
1007 3911 1182 4008 Arcbirap.
1250 3987 1252 3994 y
1278 3908 1430 4000 mitibus,
1466 3909 1673 3998 Guaflasdt's,
1703 3913 1761 4003 seu
1795 3911 1928 4010 reliquit
1942 3987 1943 3990 Ἴ
1957 3917 2038 3985 Tro·

415 4006 595 4103 pestanus,
622 4028 664 4083 ut
689 4009 822 4084 constat
847 4038 891 4086 ex
919 4009 1024 4085 Abiit
1051 4013 1181 4106 Synodi
1281 4009 1403 4100 narsis,
1438 4011 1483 4080 θ
1508 4012 1627 4082 runsdis
1644 4011 1801 4104 fidelibus
1829 4014 1940 4100 nolitis
1965 4013 2035 4115 &a

421 4106 1074 4212 TicinensrsAnnoDCCCLV.apud
1091 4113 1180 4188 Lab
1280 4113 1356 4183 Ant
1384 4112 1545 4205 Vicaniis,
1572 4131 1632 4186 aut
1659 4117 1766 4188 altera
1793 4114 1939 4214 propior·
1964 4143 2035 4192 vox

424 4211 528 4284 beutn
555 4215 664 4287 Toni.
705 4219 740 4288 8.
765 4213 1041 4289 Conciliorum.
1079 4218 1181 4289 Cete-
1215 4276 1244 4345 Ε
1279 4209 1330 4284 ibi
1359 4209 1557 4286 scribenda.
1583 4213 1708 4310 Quid?
1744 4215 1837 4314 quod
1865 4213 2050 4316 Dipsomn¹

421 4316 823 4411 rumorrcticappettaaas
841 4318 860 4387 b
875 4315 1073 4390 Wnlnfrido
1092 4320 1180 4390 Stra·
1277 4311 1368 4386 illud
1394 4315 1589 4389 commenti
1618 4315 1710 4416 signa
1746 4313 1904 4408 patentia
1938 4342 2036 4414 prae.

426 4413 517 4488 bone
544 4417 631 4514 Cap.
661 4441 720 4512 3¹·
747 4415 791 4490 de
816 4415 984 4490 Exordiis
1015 4423 1092 4490 Rer.
1119 4419 1182 4490 Ec·
1277 4412 1363 4488 sert.
1396 4412 1489 4494 Vide
1514 4419 1629 4490 Notas
1655 4414 1956 4516 Chronoiogicas.
1977 4421 2037 4494 Sa.

421 4513 595 4590 etefiastic.
622 4515 755 4590 dicitur
780 4515 977 4591 Praesebius
996 4520 1187 4590 Claricnrunn
1276 4517 1325 4589 tis
1340 4514 1418 4590 sunt
1438 4517 1480 4590 ad
1499 4515 1767 4616 dignoscendam
1788 4517 2036 4614 imposturam.

420 4617 533 4710 cauffis
550 4645 572 4704 ;
611 4643 732 4691 eorum
768 4617 900 4716 quippe
934 4619 1184 4694 controverfias
1281 4615 1353 4708 {pse
1388 4617 1496 4693 etiam
1532 4620 1682 4693 Carolus
1722 4616 1930 4693 inscribitur
1962 4630 2038 4693 Reae
2096 4687 2099 4692 ,

417 4717 634 4792 dirimebat.
669 4719 895 4817 ,aspern'sarius
919 4720 1029 4794 etiam
1065 4724 1180 4823 appel·
1277 4724 1469 4792 Francorum
1488 4720 1533 4792 (ι’
1551 4727 1764 4796 Romanorum
1788 4745 1882 4818 aeque
1908 4727 2036 4818 Lango-

325 4885 331 4902 ,
420 4821 516 4894 latur
551 4821 593 4895 ab
637 4823 836 4896 Hincmaro
875 4819 973 4920 saepe
1012 4823 1181 4914 laudato,
1276 4823 1461 4896 bardorum.
1488 4825 1612 4923 Apage
1639 4823 1931 4895 cantuariorum.
1957 4823 2036 4896 Ab.

420 4919 535 4998 immo
568 4923 605 4994 δι
642 4925 770 4998 Palatii
802 4923 937 5011 Celsos,
974 4925 1034 4998 Ab
1059 4923 1182 4998 eodem
1279 4921 1401 4996 horret
1432 4919 1542 4996 etiam
1569 4925 1588 4995 b
1618 4922 1859 4998 cancellariae
1894 4922 2038 4999 Caroli·
2118 4927 2125 4932 ’

418 5017 617 5096 walafrido
643 5041 861 5102 memoratur
886 5023 1024 5118 insuper
1054 5033 1179 5098 Praece-
1262 5039 1340 5098 'nae
1366 5049 1464 5098 more
1489 5025 1626 5121 Signum
1643 5025 1765 5099 Karusi
1786 5025 1912 5121 Magni
1935 5029 2038 5124 surpe-

413 5143 487 5220 μιν
509 5124 641 5202 Palatii
652 5181 665 5224 ,
691 5151 799 5232 quem
824 5126 1060 5234 DuCnngiue
1083 5151 1180 5205 enm·
1207 5176 1209 5180 .
1243 5123 1407 5217 vrorentis,
1442 5143 1484 5202 ut
1510 5125 1582 5203 ntia
1615 5123 1811 5204 omittam.
1846 5129 2036 5304 Propnpiren

561 5258 563 5264 ’
1193 5246 1197 5254 ’
1322 5257 1324 5262 ’
1914 5251 1954 5308 ιι
