<?xml version="1.0" encoding="UTF-8"?>
<!DOCTYPE html PUBLIC "-//W3C//DTD XHTML 1.0 Transitional//EN"
    "http://www.w3.org/TR/xhtml1/DTD/xhtml1-transitional.dtd">
<html xmlns="http://www.w3.org/1999/xhtml" xml:lang="en" lang="en">
 <head>
  <title>
</title>
<meta http-equiv="Content-Type" content="text/html;charset=utf-8" />
  <meta name='ocr-system' content='tesseract 3.04.00' />
  <meta name='ocr-capabilities' content='ocr_page ocr_carea ocr_par ocr_line ocrx_word'/>
</head>
<body>
  <div class='ocr_page' id='page_1' title='image "./antiquitatesita02muragoog/antiquitatesita02muragoog_0106.png"; bbox 0 0 4628 6148; ppageno 0'>
   <div class='ocr_carea' id='block_1_1' title="bbox 329 445 414 550">
    <p class='ocr_par' dir='ltr' id='par_1_1' title="bbox 329 445 414 550">
     <span class='ocr_line' id='line_1_1' title="bbox 329 445 414 550; baseline 0.024 -28"><span class='ocrx_word' id='word_1_1' title='bbox 329 445 414 550; x_wconf 78' lang='lat'>165</span> 
     </span>
    </p>
   </div>
   <div class='ocr_carea' id='block_1_2' title="bbox 638 354 1519 522">
    <p class='ocr_par' dir='ltr' id='par_1_2' title="bbox 638 354 1519 522">
     <span class='ocr_line' id='line_1_2' title="bbox 638 354 1519 522; baseline 0 0"><span class='ocrx_word' id='word_1_2' title='bbox 638 425 1154 522; x_wconf 77' lang='lat' dir='ltr'>nrssrnrnrro</span> <span class='ocrx_word' id='word_1_3' title='bbox 1201 354 1519 522; x_wconf 60' lang='grc' dir='ltr'>τίκτω.</span> 
     </span>
    </p>
   </div>
   <div class='ocr_carea' id='block_1_3' title="bbox 1743 439 1828 526">
    <p class='ocr_par' dir='ltr' id='par_1_3' title="bbox 1743 439 1828 526">
     <span class='ocr_line' id='line_1_3' title="bbox 1743 439 1828 526; baseline 0.024 -2"><span class='ocrx_word' id='word_1_4' title='bbox 1743 439 1828 526; x_wconf 79' lang='lat'>166</span> 
     </span>
    </p>
   </div>
   <div class='ocr_carea' id='block_1_4' title="bbox 264 545 1888 653">
    <p class='ocr_par' dir='ltr' id='par_1_4' title="bbox 264 545 1888 653">
     <span class='ocr_line' id='line_1_4' title="bbox 264 545 1888 653; baseline 0.001 -25"><span class='ocrx_word' id='word_1_5' title='bbox 264 571 303 628; x_wconf 87' lang='lat' dir='ltr'>se</span> <span class='ocrx_word' id='word_1_6' title='bbox 339 547 477 645; x_wconf 79' lang='lat' dir='ltr'>faciut,</span> <span class='ocrx_word' id='word_1_7' title='bbox 513 545 687 653; x_wconf 74' lang='lat' dir='ltr'>quatenus</span> <span class='ocrx_word' id='word_1_8' title='bbox 721 549 790 627; x_wconf 89' lang='lat' dir='ltr'>hoc</span> <span class='ocrx_word' id='word_1_9' title='bbox 825 546 961 626; x_wconf 80' lang='lat' dir='ltr'>vifibili</span> <span class='ocrx_word' id='word_1_10' title='bbox 995 549 1032 642; x_wconf 77' lang='lat' dir='ltr'>br</span> <span class='ocrx_word' id='word_1_11' title='bbox 1061 551 1098 624; x_wconf 81' lang='lat' dir='ltr'>A</span> <span class='ocrx_word' id='word_1_12' title='bbox 1120 545 1236 647; x_wconf 80' lang='lat' dir='ltr'>sisque</span> <span class='ocrx_word' id='word_1_13' title='bbox 1265 549 1442 652; x_wconf 73' lang='lat' dir='ltr'><strong>contagiis</strong></span> <span class='ocrx_word' id='word_1_14' title='bbox 1477 548 1655 628; x_wconf 83' lang='lat' dir='ltr'>vitiorum</span> <span class='ocrx_word' id='word_1_15' title='bbox 1690 551 1888 646; x_wconf 60' lang='lat' dir='ltr'>omniomi</span> 
     </span>
    </p>
   </div>
   <div class='ocr_carea' id='block_1_5' title="bbox 183 651 1032 1772">
    <p class='ocr_par' dir='ltr' id='par_1_5' title="bbox 183 651 1032 1772">
     <span class='ocr_line' id='line_1_5' title="bbox 264 651 1030 755; baseline -0.003 -27"><span class='ocrx_word' id='word_1_16' title='bbox 264 652 448 736; x_wconf 78' lang='lat' dir='ltr'>trobiabili</span> <span class='ocrx_word' id='word_1_17' title='bbox 474 652 571 730; x_wconf 91' lang='lat' dir='ltr'>dono</span> <span class='ocrx_word' id='word_1_18' title='bbox 597 651 794 730; x_wconf 82' lang='lat' dir='ltr'>inuisibilia</span> <span class='ocrx_word' id='word_1_19' title='bbox 829 651 1030 755; x_wconf 83' lang='lat' dir='ltr'>percipere,</span> 
     </span>
     <span class='ocr_line' id='line_1_6' title="bbox 261 752 1030 856; baseline 0.001 -29"><span class='ocrx_word' id='word_1_20' title='bbox 261 755 301 828; x_wconf 79' lang='lat' dir='ltr'>be</span> <span class='ocrx_word' id='word_1_21' title='bbox 328 756 521 856; x_wconf 86' lang='lat' dir='ltr'>temporali</span> <span class='ocrx_word' id='word_1_22' title='bbox 547 761 671 856; x_wconf 81' lang='lat' dir='ltr'>Regno</span> <span class='ocrx_word' id='word_1_23' title='bbox 701 753 797 854; x_wconf 85' lang='lat' dir='ltr'>justis</span> <span class='ocrx_word' id='word_1_24' title='bbox 831 752 1030 829; x_wconf 77' lang='lat' dir='ltr'>miseratio·</span> 
     </span>
     <span class='ocr_line' id='line_1_7' title="bbox 261 853 1030 957; baseline -0.003 -25"><span class='ocrx_word' id='word_1_25' title='bbox 261 853 369 932; x_wconf 84' lang='lat' dir='ltr'>nibus</span> <span class='ocrx_word' id='word_1_26' title='bbox 395 857 614 957; x_wconf 81' lang='lat' dir='ltr'>exsequuto,</span> <span class='ocrx_word' id='word_1_27' title='bbox 654 856 883 933; x_wconf 76' lang='lat' dir='ltr'>aeternaliter</span> <span class='ocrx_word' id='word_1_28' title='bbox 908 879 1030 932; x_wconf 86' lang='lat' dir='ltr'>conre-</span> 
     </span>
     <span class='ocr_line' id='line_1_8' title="bbox 264 955 1029 1060; baseline -0.003 -28"><span class='ocrx_word' id='word_1_29' title='bbox 264 983 371 1060; x_wconf 73' lang='lat' dir='ltr'>gnare</span> <span class='ocrx_word' id='word_1_30' title='bbox 390 958 580 1058; x_wconf 81' lang='lat' dir='ltr'>mercoris3</span> <span class='ocrx_word' id='word_1_31' title='bbox 608 955 673 1058; x_wconf 80' lang='lat' dir='ltr'>qui</span> <span class='ocrx_word' id='word_1_32' title='bbox 698 956 793 1034; x_wconf 82' lang='lat' dir='ltr'>solus</span> <span class='ocrx_word' id='word_1_33' title='bbox 818 956 891 1033; x_wconf 88' lang='lat' dir='ltr'>fine</span> <span class='ocrx_word' id='word_1_34' title='bbox 909 981 1029 1059; x_wconf 84' lang='lat' dir='ltr'>pecco·</span> 
     </span>
     <span class='ocr_line' id='line_1_9' title="bbox 264 1060 1031 1159; baseline -0.005 -23"><span class='ocrx_word' id='word_1_35' title='bbox 264 1077 305 1136; x_wconf 89' lang='lat' dir='ltr'>to</span> <span class='ocrx_word' id='word_1_36' title='bbox 332 1061 457 1148; x_wconf 81' lang='lat' dir='ltr'>vivit,</span> <span class='ocrx_word' id='word_1_37' title='bbox 483 1062 520 1134; x_wconf 77' lang='grc' dir='ltr'>δι</span> <span class='ocrx_word' id='word_1_38' title='bbox 546 1060 722 1159; x_wconf 77' lang='lat' dir='ltr'>gloriatur</span> <span class='ocrx_word' id='word_1_39' title='bbox 747 1087 830 1136; x_wconf 88' lang='lat' dir='ltr'>cum</span> <span class='ocrx_word' id='word_1_40' title='bbox 856 1064 937 1135; x_wconf 90' lang='lat' dir='ltr'>Deo</span> <span class='ocrx_word' id='word_1_41' title='bbox 964 1061 1031 1132; x_wconf 82' lang='lat' dir='ltr'>l’a·</span> 
     </span>
     <span class='ocr_line' id='line_1_10' title="bbox 266 1160 1030 1262; baseline -0.003 -28"><span class='ocrx_word' id='word_1_42' title='bbox 266 1180 321 1238; x_wconf 86' lang='lat' dir='ltr'>tte</span> <span class='ocrx_word' id='word_1_43' title='bbox 340 1160 379 1236; x_wconf 91' lang='lat' dir='ltr'>in</span> <span class='ocrx_word' id='word_1_44' title='bbox 400 1162 538 1238; x_wconf 83' lang='lat' dir='ltr'>unitate</span> <span class='ocrx_word' id='word_1_45' title='bbox 558 1161 711 1262; x_wconf 80' lang='lat' dir='ltr'>Spiritus</span> <span class='ocrx_word' id='word_1_46' title='bbox 729 1162 873 1255; x_wconf 72' lang='lat' dir='ltr'>saneti,</span> <span class='ocrx_word' id='word_1_47' title='bbox 887 1187 949 1262; x_wconf 89' lang='lat' dir='ltr'>per</span> <span class='ocrx_word' id='word_1_48' title='bbox 962 1161 1030 1232; x_wconf 81' lang='lat' dir='ltr'>&amp;o</span> 
     </span>
     <span class='ocr_line' id='line_1_11' title="bbox 266 1260 1032 1356; baseline -0.009 -16"><span class='ocrx_word' id='word_1_49' title='bbox 266 1269 404 1340; x_wconf 86' lang='lat' dir='ltr'>Demum</span> <span class='ocrx_word' id='word_1_50' title='bbox 429 1289 505 1336; x_wconf 84' lang='lat' dir='ltr'>vero</span> <span class='ocrx_word' id='word_1_51' title='bbox 528 1263 687 1354; x_wconf 60' lang='lat' dir='ltr'>Procnes,</span> <span class='ocrx_word' id='word_1_52' title='bbox 712 1273 880 1338; x_wconf 85' lang='lat' dir='ltr'>Romanus</span> <span class='ocrx_word' id='word_1_53' title='bbox 905 1260 1032 1356; x_wconf 80' lang='lat' dir='ltr'>sursum</span> 
     </span>
     <span class='ocr_line' id='line_1_12' title="bbox 267 1365 1030 1462; baseline -0.008 -22"><span class='ocrx_word' id='word_1_54' title='bbox 267 1387 345 1452; x_wconf 75' lang='lat' dir='ltr'>unte</span> <span class='ocrx_word' id='word_1_55' title='bbox 368 1365 490 1441; x_wconf 76' lang='lat' dir='ltr'>Altero</span> <span class='ocrx_word' id='word_1_56' title='bbox 516 1366 650 1462; x_wconf 86' lang='lat' dir='ltr'>imponit</span> <span class='ocrx_word' id='word_1_57' title='bbox 674 1369 705 1437; x_wconf 91' lang='lat' dir='ltr'>ei</span> <span class='ocrx_word' id='word_1_58' title='bbox 731 1368 892 1440; x_wconf 81' lang='lat' dir='ltr'>Diudernu</span> <span class='ocrx_word' id='word_1_59' title='bbox 917 1367 953 1436; x_wconf 85' lang='lat' dir='ltr'>in</span> <span class='ocrx_word' id='word_1_60' title='bbox 981 1389 1030 1434; x_wconf 84' lang='lat' dir='ltr'>ca·</span> 
     </span>
     <span class='ocr_line' id='line_1_13' title="bbox 266 1462 1031 1566; baseline -0.003 -29"><span class='ocrx_word' id='word_1_61' title='bbox 266 1467 356 1562; x_wconf 80' lang='lat' dir='ltr'>pite,</span> <span class='ocrx_word' id='word_1_62' title='bbox 383 1466 513 1540; x_wconf 79' lang='lat' dir='ltr'>dicens:</span> <span class='ocrx_word' id='word_1_63' title='bbox 542 1465 678 1556; x_wconf 85' lang='lat' dir='ltr'>Accipe</span> <span class='ocrx_word' id='word_1_64' title='bbox 709 1464 845 1565; x_wconf 84' lang='lat' dir='ltr'>lignum</span> <span class='ocrx_word' id='word_1_65' title='bbox 873 1462 1031 1566; x_wconf 78' lang='lat' dir='ltr'>gloriae,</span> 
     </span>
     <span class='ocr_line' id='line_1_14' title="bbox 183 1565 1031 1669; baseline -0.004 -29"><span class='ocrx_word' id='word_1_66' title='bbox 183 1633 185 1640; x_wconf 79' lang='grc'>,</span> <span class='ocrx_word' id='word_1_67' title='bbox 267 1565 308 1640; x_wconf 91' lang='lat' dir='ltr'>in</span> <span class='ocrx_word' id='word_1_68' title='bbox 333 1566 478 1642; x_wconf 76' lang='lat' dir='ltr'>nomine</span> <span class='ocrx_word' id='word_1_69' title='bbox 497 1567 612 1642; x_wconf 84' lang='lat' dir='ltr'>Patris</span> <span class='ocrx_word' id='word_1_70' title='bbox 637 1571 673 1642; x_wconf 83' lang='lat' dir='ltr'>dc</span> <span class='ocrx_word' id='word_1_71' title='bbox 700 1567 790 1644; x_wconf 80' lang='lat' dir='ltr'>Filii</span> <span class='ocrx_word' id='word_1_72' title='bbox 815 1571 852 1644; x_wconf 80' lang='lat' dir='ltr'>bc</span> <span class='ocrx_word' id='word_1_73' title='bbox 880 1565 1031 1669; x_wconf 84' lang='lat' dir='ltr'>Spiritus</span> 
     </span>
     <span class='ocr_line' id='line_1_15' title="bbox 266 1665 1032 1772; baseline -0.005 -28"><span class='ocrx_word' id='word_1_74' title='bbox 266 1665 410 1760; x_wconf 66' lang='lat' dir='ltr'>sinui,</span> <span class='ocrx_word' id='word_1_75' title='bbox 430 1687 470 1744; x_wconf 91' lang='lat' dir='ltr'>ut</span> <span class='ocrx_word' id='word_1_76' title='bbox 495 1667 612 1771; x_wconf 91' lang='lat' dir='ltr'>spreto</span> <span class='ocrx_word' id='word_1_77' title='bbox 635 1669 785 1772; x_wconf 78' lang='lat' dir='ltr'>antiquo</span> <span class='ocrx_word' id='word_1_78' title='bbox 804 1668 921 1766; x_wconf 88' lang='lat' dir='ltr'>holle,</span> <span class='ocrx_word' id='word_1_79' title='bbox 941 1667 1032 1771; x_wconf 83' lang='lat' dir='ltr'>sprc-</span> 
     </span>
    </p>
   </div>
   <div class='ocr_carea' id='block_1_6' title="bbox 518 1891 983 2004">
    <p class='ocr_par' dir='ltr' id='par_1_6' title="bbox 518 1891 983 2004">
     <span class='ocr_line' id='line_1_16' title="bbox 518 1891 983 2004; baseline -0.009 0"><span class='ocrx_word' id='word_1_80' title='bbox 518 1891 983 2004; x_wconf 91' lang='lat' dir='ltr'>ORD</span> 
     </span>
    </p>
   </div>
   <div class='ocr_carea' id='block_1_7' title="bbox 1118 646 1888 1462">
    <p class='ocr_par' dir='ltr' id='par_1_7' title="bbox 1118 646 1888 1258">
     <span class='ocr_line' id='line_1_17' title="bbox 1120 646 1886 756; baseline 0.012 -35"><span class='ocrx_word' id='word_1_81' title='bbox 1120 646 1165 722; x_wconf 88' lang='lat' dir='ltr'>src</span> <span class='ocrx_word' id='word_1_82' title='bbox 1193 647 1366 748; x_wconf 82' lang='lat' dir='ltr'>judicium</span> <span class='ocrx_word' id='word_1_83' title='bbox 1395 653 1432 725; x_wconf 74' lang='lat'>8&lt;</span> <span class='ocrx_word' id='word_1_84' title='bbox 1457 651 1814 756; x_wconf 78' lang='lat' dir='ltr'>justitiumdiligos,</span> <span class='ocrx_word' id='word_1_85' title='bbox 1847 655 1886 730; x_wconf 78' lang='lat' dir='ltr'>ds</span> 
     </span>
     <span class='ocr_line' id='line_1_18' title="bbox 1119 749 1885 860; baseline 0.013 -35"><span class='ocrx_word' id='word_1_86' title='bbox 1119 749 1475 828; x_wconf 75' lang='lat' dir='ltr'>inmisericorditer</span> <span class='ocrx_word' id='word_1_87' title='bbox 1498 754 1629 848; x_wconf 81' lang='lat' dir='ltr'>vivas,</span> <span class='ocrx_word' id='word_1_88' title='bbox 1670 775 1710 830; x_wconf 91' lang='lat' dir='ltr'>ut</span> <span class='ocrx_word' id='word_1_89' title='bbox 1736 757 1780 832; x_wconf 83' lang='lat' dir='ltr'>ab</span> <span class='ocrx_word' id='word_1_90' title='bbox 1806 755 1885 860; x_wconf 86' lang='lat' dir='ltr'>ipso</span> 
     </span>
     <span class='ocr_line' id='line_1_19' title="bbox 1120 852 1886 957; baseline 0.004 -31"><span class='ocrx_word' id='word_1_91' title='bbox 1120 853 1282 957; x_wconf 84' lang='lat' dir='ltr'>Domino</span> <span class='ocrx_word' id='word_1_92' title='bbox 1308 853 1425 930; x_wconf 91' lang='lat' dir='ltr'>nostro</span> <span class='ocrx_word' id='word_1_93' title='bbox 1450 852 1530 946; x_wconf 92' lang='lat' dir='ltr'>Jesu</span> <span class='ocrx_word' id='word_1_94' title='bbox 1565 855 1707 932; x_wconf 82' lang='lat' dir='ltr'>Christo</span> <span class='ocrx_word' id='word_1_95' title='bbox 1734 857 1772 934; x_wconf 91' lang='lat' dir='ltr'>in</span> <span class='ocrx_word' id='word_1_96' title='bbox 1799 885 1886 934; x_wconf 78' lang='lat' dir='ltr'>eon·</span> 
     </span>
     <span class='ocr_line' id='line_1_20' title="bbox 1118 951 1886 1058; baseline 0.012 -30"><span class='ocrx_word' id='word_1_97' title='bbox 1118 951 1230 1029; x_wconf 86' lang='lat' dir='ltr'>sortio</span> <span class='ocrx_word' id='word_1_98' title='bbox 1256 955 1465 1032; x_wconf 76' lang='lat' dir='ltr'>Sonbiosum</span> <span class='ocrx_word' id='word_1_99' title='bbox 1492 955 1628 1032; x_wconf 80' lang='lat' dir='ltr'>aeterni</span> <span class='ocrx_word' id='word_1_100' title='bbox 1647 959 1762 1058; x_wconf 81' lang='lat' dir='ltr'>Regni</span> <span class='ocrx_word' id='word_1_101' title='bbox 1783 987 1886 1036; x_wconf 80' lang='lat' dir='ltr'>eoro-</span> 
     </span>
     <span class='ocr_line' id='line_1_21' title="bbox 1118 1055 1888 1156; baseline 0.009 -27"><span class='ocrx_word' id='word_1_102' title='bbox 1118 1081 1201 1130; x_wconf 83' lang='lat' dir='ltr'>nam</span> <span class='ocrx_word' id='word_1_103' title='bbox 1240 1055 1440 1156; x_wconf 78' lang='lat' dir='ltr'>percipies.</span> <span class='ocrx_word' id='word_1_104' title='bbox 1475 1057 1553 1154; x_wconf 84' lang='lat' dir='ltr'>Qui</span> <span class='ocrx_word' id='word_1_105' title='bbox 1589 1083 1672 1134; x_wconf 88' lang='lat' dir='ltr'>cum</span> <span class='ocrx_word' id='word_1_106' title='bbox 1709 1064 1813 1137; x_wconf 79' lang='lat' dir='ltr'>Putre</span> <span class='ocrx_word' id='word_1_107' title='bbox 1850 1064 1888 1136; x_wconf 81' lang='lat' dir='ltr'>bt</span> 
     </span>
     <span class='ocr_line' id='line_1_22' title="bbox 1119 1155 1630 1258; baseline 0.01 -27"><span class='ocrx_word' id='word_1_108' title='bbox 1119 1155 1255 1258; x_wconf 86' lang='lat' dir='ltr'>Spiritu</span> <span class='ocrx_word' id='word_1_109' title='bbox 1281 1157 1413 1235; x_wconf 76' lang='lat' dir='ltr'>Soniio</span> <span class='ocrx_word' id='word_1_110' title='bbox 1437 1158 1536 1234; x_wconf 84' lang='lat' dir='ltr'>vivit</span> <span class='ocrx_word' id='word_1_111' title='bbox 1561 1161 1630 1236; x_wconf 83' lang='lat' dir='ltr'>bec.</span> 
     </span>
    </p>

    <p class='ocr_par' dir='ltr' id='par_1_8' title="bbox 1119 1257 1887 1462">
     <span class='ocr_line' id='line_1_23' title="bbox 1170 1257 1885 1367; baseline 0.013 -33"><span class='ocrx_word' id='word_1_112' title='bbox 1170 1259 1235 1334; x_wconf 85' lang='lat' dir='ltr'>Sed</span> <span class='ocrx_word' id='word_1_113' title='bbox 1261 1257 1348 1336; x_wconf 86' lang='lat' dir='ltr'>haec</span> <span class='ocrx_word' id='word_1_114' title='bbox 1381 1259 1493 1336; x_wconf 90' lang='lat' dir='ltr'>nimis</span> <span class='ocrx_word' id='word_1_115' title='bbox 1528 1261 1672 1362; x_wconf 86' lang='lat' dir='ltr'>jejune.</span> <span class='ocrx_word' id='word_1_116' title='bbox 1707 1267 1765 1340; x_wconf 85' lang='lat' dir='ltr'>Eo</span> <span class='ocrx_word' id='word_1_117' title='bbox 1800 1290 1885 1367; x_wconf 84' lang='lat' dir='ltr'>ergo</span> 
     </span>
     <span class='ocr_line' id='line_1_24' title="bbox 1119 1361 1887 1462; baseline 0.016 -28"><span class='ocrx_word' id='word_1_118' title='bbox 1119 1361 1270 1438; x_wconf 80' lang='lat' dir='ltr'>alterum</span> <span class='ocrx_word' id='word_1_119' title='bbox 1296 1363 1469 1454; x_wconf 77' lang='lat' dir='ltr'>Ordinem,</span> <span class='ocrx_word' id='word_1_120' title='bbox 1504 1361 1544 1439; x_wconf 92' lang='lat' dir='ltr'>in</span> <span class='ocrx_word' id='word_1_121' title='bbox 1580 1391 1653 1462; x_wconf 90' lang='lat' dir='ltr'>quo</span> <span class='ocrx_word' id='word_1_122' title='bbox 1687 1391 1812 1444; x_wconf 87' lang='lat' dir='ltr'>omnes</span> <span class='ocrx_word' id='word_1_123' title='bbox 1838 1367 1887 1446; x_wconf 63' lang='lat' dir='ltr'>rio</span> 
     </span>
    </p>
   </div>
   <div class='ocr_carea' id='block_1_8' title="bbox 1068 1461 1889 1563">
    <p class='ocr_par' dir='ltr' id='par_1_9' title="bbox 1068 1461 1889 1563">
     <span class='ocr_line' id='line_1_25' title="bbox 1068 1461 1889 1563; baseline -0.007 -21"><span class='ocrx_word' id='word_1_124' title='bbox 1068 1461 1177 1542; x_wconf 73' lang='lat' dir='ltr'>Bitus</span> <span class='ocrx_word' id='word_1_125' title='bbox 1204 1461 1415 1563; x_wconf 80' lang='lat' dir='ltr'>magnificae</span> <span class='ocrx_word' id='word_1_126' title='bbox 1441 1466 1542 1541; x_wconf 88' lang='lat' dir='ltr'>illius</span> <span class='ocrx_word' id='word_1_127' title='bbox 1566 1464 1805 1545; x_wconf 82' lang='lat' dir='ltr'>solemnitatis</span> <span class='ocrx_word' id='word_1_128' title='bbox 1829 1469 1889 1546; x_wconf 83' lang='lat' dir='ltr'>de·</span> 
     </span>
    </p>
   </div>
   <div class='ocr_carea' id='block_1_9' title="bbox 1121 1561 1888 1770">
    <p class='ocr_par' dir='ltr' id='par_1_10' title="bbox 1121 1561 1888 1770">
     <span class='ocr_line' id='line_1_26' title="bbox 1121 1561 1888 1666; baseline 0.008 -30"><span class='ocrx_word' id='word_1_129' title='bbox 1121 1561 1343 1655; x_wconf 88' lang='lat' dir='ltr'>scribuntur,</span> <span class='ocrx_word' id='word_1_130' title='bbox 1379 1569 1501 1666; x_wconf 83' lang='lat' dir='ltr'>quales</span> <span class='ocrx_word' id='word_1_131' title='bbox 1527 1565 1648 1646; x_wconf 82' lang='lat' dir='ltr'>frustra</span> <span class='ocrx_word' id='word_1_132' title='bbox 1674 1568 1825 1648; x_wconf 67' lang='lat' dir='ltr'>fortuito</span> <span class='ocrx_word' id='word_1_133' title='bbox 1851 1597 1888 1646; x_wconf 77' lang='lat' dir='ltr'>a·</span> 
     </span>
     <span class='ocr_line' id='line_1_27' title="bbox 1122 1663 1398 1770; baseline 0.007 -30"><span class='ocrx_word' id='word_1_134' title='bbox 1122 1663 1192 1743; x_wconf 90' lang='lat' dir='ltr'>libi</span> <span class='ocrx_word' id='word_1_135' title='bbox 1217 1666 1398 1770; x_wconf 82' lang='lat' dir='ltr'>requiras.</span> 
     </span>
    </p>
   </div>
   <div class='ocr_carea' id='block_1_10' title="bbox 1134 1889 1647 2006">
    <p class='ocr_par' dir='ltr' id='par_1_11' title="bbox 1134 1889 1647 2006">
     <span class='ocr_line' id='line_1_28' title="bbox 1134 1889 1647 2006; baseline 0.006 -7"><span class='ocrx_word' id='word_1_136' title='bbox 1134 1889 1190 1999; x_wconf 91' lang='lat'><em>0</em></span> <span class='ocrx_word' id='word_1_137' title='bbox 1456 1893 1647 2006; x_wconf 91' lang='lat'>111.</span> 
     </span>
    </p>
   </div>
   <div class='ocr_carea' id='block_1_11' title="bbox 574 2147 1617 2278">
    <p class='ocr_par' dir='ltr' id='par_1_12' title="bbox 574 2147 1617 2278">
     <span class='ocr_line' id='line_1_29' title="bbox 574 2147 1617 2278; baseline 0.005 -38"><span class='ocrx_word' id='word_1_138' title='bbox 574 2233 577 2240; x_wconf 25' lang='lat'><strong>⁴</strong></span> <span class='ocrx_word' id='word_1_139' title='bbox 627 2153 911 2250; x_wconf 71' lang='lat' dir='ltr'>coronationis</span> <span class='ocrx_word' id='word_1_140' title='bbox 942 2162 1222 2248; x_wconf 72' lang='lat' dir='ltr'>Romanorum</span> <span class='ocrx_word' id='word_1_141' title='bbox 1252 2147 1565 2278; x_wconf 64' lang='lat' dir='ltr'>Imperatorio·=</span> <span class='ocrx_word' id='word_1_142' title='bbox 1616 2162 1617 2165; x_wconf 65' lang='lat'>‘</span> 
     </span>
    </p>
   </div>
   <div class='ocr_carea' id='block_1_12' title="bbox 265 2347 1891 2578">
    <p class='ocr_par' dir='ltr' id='par_1_13' title="bbox 265 2347 1891 2578">
     <span class='ocr_line' id='line_1_30' title="bbox 265 2347 1891 2578; baseline 0 -110"><span class='ocrx_word' id='word_1_143' title='bbox 265 2391 429 2578; x_wconf 82' lang='lat' dir='ltr'>INcr&#39;pr&#39;t</span> <span class='ocrx_word' id='word_1_144' title='bbox 460 2395 545 2470; x_wconf 72' lang='lat' dir='ltr'>oneo</span> <span class='ocrx_word' id='word_1_145' title='bbox 573 2347 741 2472; x_wconf 77' lang='lat' dir='ltr'>Romanus</span> <span class='ocrx_word' id='word_1_146' title='bbox 773 2399 820 2472; x_wconf 78' lang='lat' dir='ltr'>ui</span> <span class='ocrx_word' id='word_1_147' title='bbox 851 2397 1032 2472; x_wconf 59' lang='lat' dir='ltr'>&amp;redicen-</span> <span class='ocrx_word' id='word_1_148' title='bbox 1062 2396 1096 2470; x_wconf 83' lang='lat' dir='ltr'>C</span> <span class='ocrx_word' id='word_1_149' title='bbox 1124 2419 1171 2495; x_wconf 73' lang='lat' dir='ltr'>go</span> <span class='ocrx_word' id='word_1_150' title='bbox 1197 2395 1247 2470; x_wconf 90' lang='lat' dir='ltr'>N.</span> <span class='ocrx_word' id='word_1_151' title='bbox 1269 2396 1370 2486; x_wconf 85' lang='lat' dir='ltr'>Rex,</span> <span class='ocrx_word' id='word_1_152' title='bbox 1388 2394 1425 2469; x_wconf 80' lang='grc' dir='ltr'>δι</span> <span class='ocrx_word' id='word_1_153' title='bbox 1443 2391 1582 2470; x_wconf 88' lang='lat' dir='ltr'>futurus</span> <span class='ocrx_word' id='word_1_154' title='bbox 1601 2395 1799 2497; x_wconf 79' lang='lat' dir='ltr'>Imperator</span> <span class='ocrx_word' id='word_1_155' title='bbox 1818 2399 1891 2469; x_wconf 88' lang='lat' dir='ltr'>Ro·</span> 
     </span>
    </p>
   </div>
   <div class='ocr_carea' id='block_1_13' title="bbox 263 2501 1033 3294">
    <p class='ocr_par' dir='ltr' id='par_1_14' title="bbox 263 2501 1033 3294">
     <span class='ocr_line' id='line_1_31' title="bbox 340 2501 1031 2599; baseline 0.006 -31"><span class='ocrx_word' id='word_1_156' title='bbox 340 2501 416 2568; x_wconf 78' lang='lat' dir='ltr'>burn</span> <span class='ocrx_word' id='word_1_157' title='bbox 440 2501 682 2596; x_wconf 82' lang='lat' dir='ltr'>imperatorem,</span> <span class='ocrx_word' id='word_1_158' title='bbox 716 2501 843 2599; x_wconf 77' lang='lat' dir='ltr'>quatrio</span> <span class='ocrx_word' id='word_1_159' title='bbox 876 2505 1031 2572; x_wconf 85' lang='lat' dir='ltr'>Cerunurn</span> 
     </span>
     <span class='ocr_line' id='line_1_32' title="bbox 267 2598 1029 2698; baseline 0.004 -29"><span class='ocrx_word' id='word_1_160' title='bbox 267 2598 384 2694; x_wconf 76' lang='lat' dir='ltr'>occipit</span> <span class='ocrx_word' id='word_1_161' title='bbox 407 2603 430 2670; x_wconf 73' lang='lat' dir='ltr'>l</span> <span class='ocrx_word' id='word_1_162' title='bbox 455 2601 593 2674; x_wconf 86' lang='lat' dir='ltr'>Domino</span> <span class='ocrx_word' id='word_1_163' title='bbox 617 2609 713 2698; x_wconf 79' lang='lat' dir='ltr'>Pupu</span> <span class='ocrx_word' id='word_1_164' title='bbox 731 2603 765 2672; x_wconf 90' lang='lat' dir='ltr'>in</span> <span class='ocrx_word' id='word_1_165' title='bbox 785 2601 928 2688; x_wconf 78' lang='lat' dir='ltr'>Basilice</span> <span class='ocrx_word' id='word_1_166' title='bbox 945 2606 1029 2673; x_wconf 83' lang='lat' dir='ltr'>Beu-</span> 
     </span>
     <span class='ocr_line' id='line_1_33' title="bbox 267 2697 1028 2798; baseline 0 -26"><span class='ocrx_word' id='word_1_167' title='bbox 267 2697 298 2772; x_wconf 82' lang='lat' dir='ltr'>n·</span> <span class='ocrx_word' id='word_1_168' title='bbox 321 2702 414 2774; x_wconf 85' lang='lat' dir='ltr'>Petri</span> <span class='ocrx_word' id='word_1_169' title='bbox 430 2703 579 2798; x_wconf 69' lang='lat' dir='ltr'>Apolloii</span> <span class='ocrx_word' id='word_1_170' title='bbox 595 2709 641 2776; x_wconf 79' lang='lat' dir='ltr'>ad</span> <span class='ocrx_word' id='word_1_171' title='bbox 653 2705 780 2780; x_wconf 63' lang='lat' dir='ltr'>,Arrace</span> <span class='ocrx_word' id='word_1_172' title='bbox 796 2709 824 2774; x_wconf 84' lang='lat' dir='ltr'>S</span> <span class='ocrx_word' id='word_1_173' title='bbox 822 2702 912 2776; x_wconf 72' lang='lat' dir='ltr'>anili</span> <span class='ocrx_word' id='word_1_174' title='bbox 929 2706 1028 2774; x_wconf 83' lang='lat' dir='ltr'>Mau·</span> 
     </span>
     <span class='ocr_line' id='line_1_34' title="bbox 266 2800 1033 2899; baseline 0.003 -28"><span class='ocrx_word' id='word_1_175' title='bbox 266 2800 368 2876; x_wconf 75' lang='lat' dir='ltr'>sicii.</span> <span class='ocrx_word' id='word_1_176' title='bbox 409 2802 475 2876; x_wconf 79' lang='lat' dir='ltr'>Die</span> <span class='ocrx_word' id='word_1_177' title='bbox 507 2806 673 2878; x_wconf 86' lang='lat' dir='ltr'>Dominice</span> <span class='ocrx_word' id='word_1_178' title='bbox 705 2803 866 2899; x_wconf 70' lang='lat' dir='ltr'>descendit</span> <span class='ocrx_word' id='word_1_179' title='bbox 900 2801 1033 2876; x_wconf 80' lang='lat' dir='ltr'>Eiebius</span> 
     </span>
     <span class='ocr_line' id='line_1_35' title="bbox 265 2901 1033 2998; baseline 0 -24"><span class='ocrx_word' id='word_1_180' title='bbox 265 2926 339 2974; x_wconf 81' lang='lat' dir='ltr'>ottnr</span> <span class='ocrx_word' id='word_1_181' title='bbox 363 2901 507 2998; x_wconf 72' lang='lat' dir='ltr'>Coniuge</span> <span class='ocrx_word' id='word_1_182' title='bbox 525 2909 590 2996; x_wconf 77' lang='lat' dir='ltr'>suu</span> <span class='ocrx_word' id='word_1_183' title='bbox 622 2909 668 2978; x_wconf 79' lang='lat' dir='ltr'>ud</span> <span class='ocrx_word' id='word_1_184' title='bbox 699 2906 853 2978; x_wconf 77' lang='lat' dir='ltr'>Suebiam</span> <span class='ocrx_word' id='word_1_185' title='bbox 886 2904 1033 2976; x_wconf 82' lang='lat' dir='ltr'>Mariam</span> 
     </span>
     <span class='ocr_line' id='line_1_36' title="bbox 267 3001 1030 3098; baseline 0.007 -26"><span class='ocrx_word' id='word_1_186' title='bbox 267 3001 556 3097; x_wconf 71' lang='lat' dir='ltr'>Tranjpuuinam,</span> <span class='ocrx_word' id='word_1_187' title='bbox 591 3025 671 3098; x_wconf 82' lang='lat' dir='ltr'>quae</span> <span class='ocrx_word' id='word_1_188' title='bbox 694 3005 737 3090; x_wconf 85' lang='lat' dir='ltr'>esi</span> <span class='ocrx_word' id='word_1_189' title='bbox 755 3004 856 3097; x_wconf 76' lang='lat' dir='ltr'>juxta</span> <span class='ocrx_word' id='word_1_190' title='bbox 880 3005 1030 3098; x_wconf 68' lang='lat' dir='ltr'>Terebin-</span> 
     </span>
     <span class='ocr_line' id='line_1_37' title="bbox 267 3101 1027 3199; baseline 0.005 -27"><span class='ocrx_word' id='word_1_191' title='bbox 267 3119 367 3172; x_wconf 82' lang='lat' dir='ltr'>rum:</span> <span class='ocrx_word' id='word_1_192' title='bbox 393 3101 499 3197; x_wconf 81' lang='lat' dir='ltr'>ibique</span> <span class='ocrx_word' id='word_1_193' title='bbox 523 3102 674 3199; x_wconf 81' lang='lat' dir='ltr'>recipitur</span> <span class='ocrx_word' id='word_1_194' title='bbox 697 3103 863 3196; x_wconf 81' lang='lat' dir='ltr'>honorifice</span> <span class='ocrx_word' id='word_1_195' title='bbox 886 3109 909 3176; x_wconf 77' lang='lat' dir='ltr'>b</span> <span class='ocrx_word' id='word_1_196' title='bbox 934 3111 1027 3180; x_wconf 80' lang='lat' dir='ltr'>Prae·</span> 
     </span>
     <span class='ocr_line' id='line_1_38' title="bbox 263 3199 1029 3294; baseline 0.008 -22"><span class='ocrx_word' id='word_1_197' title='bbox 263 3199 348 3292; x_wconf 67' lang='lat' dir='ltr'>frelo</span> <span class='ocrx_word' id='word_1_198' title='bbox 375 3202 495 3294; x_wconf 82' lang='lat' dir='ltr'>Urbis,</span> <span class='ocrx_word' id='word_1_199' title='bbox 531 3203 576 3274; x_wconf 72' lang='grc' dir='ltr'>Θ·</span> <span class='ocrx_word' id='word_1_200' title='bbox 600 3203 722 3276; x_wconf 78' lang='lat' dir='ltr'>Gemite</span> <span class='ocrx_word' id='word_1_201' title='bbox 746 3206 874 3278; x_wconf 80' lang='lat' dir='ltr'>Palatii</span> <span class='ocrx_word' id='word_1_202' title='bbox 898 3213 1029 3280; x_wconf 77' lang='lat' dir='ltr'>Latera·</span> 
     </span>
    </p>
   </div>
   <div class='ocr_carea' id='block_1_14' title="bbox 1123 2494 1890 3305">
    <p class='ocr_par' dir='ltr' id='par_1_15' title="bbox 1123 2494 1890 3305">
     <span class='ocr_line' id='line_1_39' title="bbox 1128 2494 1889 2598; baseline 0 -28"><span class='ocrx_word' id='word_1_203' title='bbox 1128 2521 1335 2588; x_wconf 85' lang='lat' dir='ltr'>manorum,</span> <span class='ocrx_word' id='word_1_204' title='bbox 1360 2495 1559 2594; x_wconf 86' lang='lat' dir='ltr'>promitto,</span> <span class='ocrx_word' id='word_1_205' title='bbox 1586 2494 1762 2597; x_wconf 89' lang='lat' dir='ltr'>spondeo,</span> <span class='ocrx_word' id='word_1_206' title='bbox 1782 2497 1889 2598; x_wconf 93' lang='lat' dir='ltr'>polli-</span> 
     </span>
     <span class='ocr_line' id='line_1_40' title="bbox 1126 2597 1889 2700; baseline 0.004 -29"><span class='ocrx_word' id='word_1_207' title='bbox 1126 2621 1230 2689; x_wconf 88' lang='lat' dir='ltr'>ceor,</span> <span class='ocrx_word' id='word_1_208' title='bbox 1257 2615 1363 2695; x_wconf 81' lang='lat' dir='ltr'>atque</span> <span class='ocrx_word' id='word_1_209' title='bbox 1390 2623 1451 2696; x_wconf 90' lang='lat' dir='ltr'>per</span> <span class='ocrx_word' id='word_1_210' title='bbox 1475 2597 1561 2673; x_wconf 87' lang='lat' dir='ltr'>hoec</span> <span class='ocrx_word' id='word_1_211' title='bbox 1588 2599 1783 2700; x_wconf 80' lang='lat' dir='ltr'>Evangelio</span> <span class='ocrx_word' id='word_1_212' title='bbox 1808 2599 1889 2700; x_wconf 86' lang='lat' dir='ltr'>jure</span> 
     </span>
     <span class='ocr_line' id='line_1_41' title="bbox 1125 2699 1890 2802; baseline 0.003 -30"><span class='ocrx_word' id='word_1_213' title='bbox 1125 2724 1244 2773; x_wconf 80' lang='lat' dir='ltr'>eorem</span> <span class='ocrx_word' id='word_1_214' title='bbox 1273 2703 1376 2789; x_wconf 92' lang='lat' dir='ltr'>Deo,</span> <span class='ocrx_word' id='word_1_215' title='bbox 1411 2699 1447 2772; x_wconf 76' lang='grc' dir='ltr'>δε</span> <span class='ocrx_word' id='word_1_216' title='bbox 1474 2700 1579 2776; x_wconf 84' lang='lat' dir='ltr'>beato</span> <span class='ocrx_word' id='word_1_217' title='bbox 1607 2703 1713 2777; x_wconf 88' lang='lat' dir='ltr'>Petro</span> <span class='ocrx_word' id='word_1_218' title='bbox 1738 2700 1890 2802; x_wconf 87' lang='lat' dir='ltr'>Apollo·</span> 
     </span>
     <span class='ocr_line' id='line_1_42' title="bbox 1125 2799 1889 2904; baseline 0.005 -32"><span class='ocrx_word' id='word_1_219' title='bbox 1125 2801 1186 2891; x_wconf 87' lang='lat' dir='ltr'>lo,</span> <span class='ocrx_word' id='word_1_220' title='bbox 1211 2799 1282 2874; x_wconf 89' lang='lat' dir='ltr'>tibi</span> <span class='ocrx_word' id='word_1_221' title='bbox 1308 2805 1358 2876; x_wconf 92' lang='lat' dir='ltr'>N.</span> <span class='ocrx_word' id='word_1_222' title='bbox 1385 2799 1480 2877; x_wconf 86' lang='lat' dir='ltr'>besti</span> <span class='ocrx_word' id='word_1_223' title='bbox 1508 2801 1606 2878; x_wconf 83' lang='lat' dir='ltr'>Petri</span> <span class='ocrx_word' id='word_1_224' title='bbox 1632 2803 1797 2904; x_wconf 84' lang='lat' dir='ltr'>Apolloli</span> <span class='ocrx_word' id='word_1_225' title='bbox 1823 2803 1889 2876; x_wconf 87' lang='lat' dir='ltr'>vi·</span> 
     </span>
     <span class='ocr_line' id='line_1_43' title="bbox 1125 2899 1888 3000; baseline 0.007 -28"><span class='ocrx_word' id='word_1_226' title='bbox 1125 2899 1221 2974; x_wconf 80' lang='lat' dir='ltr'>corio</span> <span class='ocrx_word' id='word_1_227' title='bbox 1247 2899 1481 2992; x_wconf 74' lang='lat' dir='ltr'>fidelitatem,</span> <span class='ocrx_word' id='word_1_228' title='bbox 1515 2902 1655 3000; x_wconf 84' lang='lat' dir='ltr'>tuisque</span> <span class='ocrx_word' id='word_1_229' title='bbox 1681 2901 1888 2978; x_wconf 87' lang='lat' dir='ltr'>Successori·</span> 
     </span>
     <span class='ocr_line' id='line_1_44' title="bbox 1125 2999 1887 3102; baseline 0.005 -28"><span class='ocrx_word' id='word_1_230' title='bbox 1125 3001 1188 3075; x_wconf 87' lang='lat' dir='ltr'>bus</span> <span class='ocrx_word' id='word_1_231' title='bbox 1214 2999 1384 3076; x_wconf 83' lang='lat' dir='ltr'>cononice</span> <span class='ocrx_word' id='word_1_232' title='bbox 1410 3000 1656 3102; x_wconf 75' lang='lat' dir='ltr'>intrantibus3</span> <span class='ocrx_word' id='word_1_233' title='bbox 1698 3027 1824 3102; x_wconf 89' lang='lat' dir='ltr'>meque</span> <span class='ocrx_word' id='word_1_234' title='bbox 1851 3029 1887 3078; x_wconf 81' lang='lat' dir='ltr'>n·</span> 
     </span>
     <span class='ocr_line' id='line_1_45' title="bbox 1124 3099 1887 3180; baseline 0.005 -4"><span class='ocrx_word' id='word_1_235' title='bbox 1124 3101 1231 3178; x_wconf 85' lang='lat' dir='ltr'>rnodo</span> <span class='ocrx_word' id='word_1_236' title='bbox 1259 3099 1500 3178; x_wconf 69' lang='lat' dir='ltr'>Protesiorem</span> <span class='ocrx_word' id='word_1_237' title='bbox 1527 3128 1567 3177; x_wconf 81' lang='lat' dir='ltr'>sc</span> <span class='ocrx_word' id='word_1_238' title='bbox 1588 3101 1814 3180; x_wconf 83' lang='lat' dir='ltr'>Defensorem</span> <span class='ocrx_word' id='word_1_239' title='bbox 1835 3103 1887 3180; x_wconf 88' lang='lat' dir='ltr'>so·</span> 
     </span>
     <span class='ocr_line' id='line_1_46' title="bbox 1123 3202 1887 3305; baseline 0.003 -26"><span class='ocrx_word' id='word_1_240' title='bbox 1123 3230 1161 3279; x_wconf 89' lang='lat' dir='ltr'>re</span> <span class='ocrx_word' id='word_1_241' title='bbox 1186 3203 1290 3305; x_wconf 87' lang='lat' dir='ltr'>hujus</span> <span class='ocrx_word' id='word_1_242' title='bbox 1316 3202 1463 3279; x_wconf 76' lang='lat' dir='ltr'>Sonbiue</span> <span class='ocrx_word' id='word_1_243' title='bbox 1491 3209 1671 3282; x_wconf 81' lang='lat' dir='ltr'>Romanae</span> <span class='ocrx_word' id='word_1_244' title='bbox 1689 3205 1887 3301; x_wconf 84' lang='lat' dir='ltr'>Ecclelioe,</span> 
     </span>
    </p>
   </div>
   <div class='ocr_carea' id='block_1_15' title="bbox 269 3301 1888 3424">
    <p class='ocr_par' dir='ltr' id='par_1_16' title="bbox 269 3301 1888 3424">
     <span class='ocr_line' id='line_1_47' title="bbox 269 3301 1888 3424; baseline 0.006 -48"><span class='ocrx_word' id='word_1_245' title='bbox 269 3301 395 3394; x_wconf 81' lang='lat' dir='ltr'>oensis,</span> <span class='ocrx_word' id='word_1_246' title='bbox 423 3303 467 3373; x_wconf 63' lang='grc' dir='ltr'><em>θ</em></span> <span class='ocrx_word' id='word_1_247' title='bbox 494 3309 577 3378; x_wconf 82' lang='lat' dir='ltr'>Uxor</span> <span class='ocrx_word' id='word_1_248' title='bbox 601 3304 671 3378; x_wconf 90' lang='lat' dir='ltr'>e&#39;us</span> <span class='ocrx_word' id='word_1_249' title='bbox 702 3310 726 3377; x_wconf 71' lang='lat' dir='ltr'>l</span> <span class='ocrx_word' id='word_1_250' title='bbox 759 3308 887 3382; x_wconf 78' lang='lat' dir='ltr'>Datiuo</span> <span class='ocrx_word' id='word_1_251' title='bbox 912 3308 1033 3400; x_wconf 74' lang='lat' dir='ltr'>judice</span> <span class='ocrx_word' id='word_1_252' title='bbox 1064 3301 1096 3370; x_wconf 88' lang='lat' dir='ltr'>D</span> <span class='ocrx_word' id='word_1_253' title='bbox 1123 3305 1303 3381; x_wconf 82' lang='lat' dir='ltr'>&amp;vestroe</span> <span class='ocrx_word' id='word_1_254' title='bbox 1320 3303 1506 3424; x_wconf 72' lang='lat' dir='ltr'>personae,</span> <span class='ocrx_word' id='word_1_255' title='bbox 1526 3307 1789 3407; x_wconf 84' lang='lat' dir='ltr'>vestrorumque</span> <span class='ocrx_word' id='word_1_256' title='bbox 1804 3313 1888 3385; x_wconf 88' lang='lat' dir='ltr'>Suc·</span> 
     </span>
    </p>
   </div>
   <div class='ocr_carea' id='block_1_16' title="bbox 247 3402 1035 4220">
    <p class='ocr_par' dir='ltr' id='par_1_17' title="bbox 247 3402 1035 4220">
     <span class='ocr_line' id='line_1_48' title="bbox 268 3402 1031 3506; baseline 0.009 -33"><span class='ocrx_word' id='word_1_257' title='bbox 268 3402 316 3473; x_wconf 71' lang='lat' dir='ltr'>(l&#39;</span> <span class='ocrx_word' id='word_1_258' title='bbox 339 3405 498 3480; x_wconf 71' lang='lat' dir='ltr'>Arretio.</span> <span class='ocrx_word' id='word_1_259' title='bbox 524 3411 575 3480; x_wconf 81' lang='lat' dir='ltr'>Et</span> <span class='ocrx_word' id='word_1_260' title='bbox 614 3409 757 3480; x_wconf 78' lang='lat' dir='ltr'>educitur</span> <span class='ocrx_word' id='word_1_261' title='bbox 775 3429 834 3506; x_wconf 89' lang='lat' dir='ltr'>per</span> <span class='ocrx_word' id='word_1_262' title='bbox 849 3410 1031 3502; x_wconf 81' lang='lat' dir='ltr'>Persicum,</span> 
     </span>
     <span class='ocr_line' id='line_1_49' title="bbox 269 3503 1033 3610; baseline 0.01 -35"><span class='ocrx_word' id='word_1_263' title='bbox 269 3503 405 3577; x_wconf 71' lang='lat' dir='ltr'>clericis</span> <span class='ocrx_word' id='word_1_264' title='bbox 439 3507 534 3583; x_wconf 86' lang='lat' dir='ltr'>Urbis</span> <span class='ocrx_word' id='word_1_265' title='bbox 567 3509 710 3582; x_wconf 81' lang='lat' dir='ltr'>erunibus</span> <span class='ocrx_word' id='word_1_266' title='bbox 744 3510 870 3584; x_wconf 76' lang='lat' dir='ltr'>indutis</span> <span class='ocrx_word' id='word_1_267' title='bbox 901 3514 1033 3610; x_wconf 79' lang='lat' dir='ltr'>cappis,</span> 
     </span>
     <span class='ocr_line' id='line_1_50' title="bbox 267 3607 1034 3704; baseline 0.016 -29"><span class='ocrx_word' id='word_1_268' title='bbox 267 3607 435 3703; x_wconf 80' lang='lat' dir='ltr'>planetis,</span> <span class='ocrx_word' id='word_1_269' title='bbox 469 3612 673 3704; x_wconf 74' lang='lat' dir='ltr'>dalmaticis,</span> <span class='ocrx_word' id='word_1_270' title='bbox 709 3612 755 3684; x_wconf 64' lang='grc' dir='ltr'>θ’</span> <span class='ocrx_word' id='word_1_271' title='bbox 787 3613 931 3703; x_wconf 85' lang='lat' dir='ltr'>turricis,</span> <span class='ocrx_word' id='word_1_272' title='bbox 966 3637 1034 3687; x_wconf 86' lang='lat' dir='ltr'>cunr</span> 
     </span>
     <span class='ocr_line' id='line_1_51' title="bbox 267 3708 1032 3801; baseline 0.013 -21"><span class='ocrx_word' id='word_1_273' title='bbox 267 3708 468 3801; x_wconf 69' lang='lat' dir='ltr'>thuribulis,</span> <span class='ocrx_word' id='word_1_274' title='bbox 486 3714 690 3788; x_wconf 65' lang='lat' dir='ltr'>tutantibus</span> <span class='ocrx_word' id='word_1_275' title='bbox 696 3740 713 3786; x_wconf 92' lang='grc'>.·</span> <span class='ocrx_word' id='word_1_276' title='bbox 726 3718 819 3790; x_wconf 84' lang='lat' dir='ltr'>Ecce</span> <span class='ocrx_word' id='word_1_277' title='bbox 834 3713 943 3792; x_wconf 77' lang='lat' dir='ltr'>mitto</span> <span class='ocrx_word' id='word_1_278' title='bbox 958 3719 1032 3790; x_wconf 89' lang='lat' dir='ltr'>An·</span> 
     </span>
     <span class='ocr_line' id='line_1_52' title="bbox 270 3809 1034 3915; baseline 0.01 -33"><span class='ocrx_word' id='word_1_279' title='bbox 270 3809 391 3909; x_wconf 67' lang='lat' dir='ltr'>gelum</span> <span class='ocrx_word' id='word_1_280' title='bbox 418 3835 564 3906; x_wconf 88' lang='lat' dir='ltr'>meum,</span> <span class='ocrx_word' id='word_1_281' title='bbox 592 3815 688 3914; x_wconf 83' lang='lat' dir='ltr'>usque</span> <span class='ocrx_word' id='word_1_282' title='bbox 720 3819 766 3890; x_wconf 78' lang='grc' dir='ltr'>αα</span> <span class='ocrx_word' id='word_1_283' title='bbox 791 3816 974 3915; x_wconf 71' lang='lat' dir='ltr'>suggestum</span> <span class='ocrx_word' id='word_1_284' title='bbox 998 3843 1034 3890; x_wconf 78' lang='lat' dir='ltr'>a·</span> 
     </span>
     <span class='ocr_line' id='line_1_53' title="bbox 268 3911 1032 4017; baseline 0.013 -33"><span class='ocrx_word' id='word_1_285' title='bbox 268 3935 341 3984; x_wconf 83' lang='lat' dir='ltr'>eene</span> <span class='ocrx_word' id='word_1_286' title='bbox 360 3911 563 4014; x_wconf 72' lang='lat' dir='ltr'>superioris,</span> <span class='ocrx_word' id='word_1_287' title='bbox 598 3943 679 4016; x_wconf 80' lang='lat' dir='ltr'>quae</span> <span class='ocrx_word' id='word_1_288' title='bbox 703 3918 746 4007; x_wconf 79' lang='lat' dir='ltr'>eli</span> <span class='ocrx_word' id='word_1_289' title='bbox 772 3919 806 3990; x_wconf 88' lang='lat' dir='ltr'>in</span> <span class='ocrx_word' id='word_1_290' title='bbox 832 3919 935 4017; x_wconf 85' lang='lat' dir='ltr'>cupite</span> <span class='ocrx_word' id='word_1_291' title='bbox 955 3947 1032 4017; x_wconf 82' lang='lat' dir='ltr'>gru·</span> 
     </span>
     <span class='ocr_line' id='line_1_54' title="bbox 270 4014 1035 4114; baseline 0.01 -30"><span class='ocrx_word' id='word_1_292' title='bbox 270 4014 370 4084; x_wconf 73' lang='lat' dir='ltr'>duum</span> <span class='ocrx_word' id='word_1_293' title='bbox 395 4035 471 4086; x_wconf 83' lang='lat' dir='ltr'>ante</span> <span class='ocrx_word' id='word_1_294' title='bbox 491 4035 602 4114; x_wconf 84' lang='lat' dir='ltr'>portus</span> <span class='ocrx_word' id='word_1_295' title='bbox 623 4045 731 4092; x_wconf 83' lang='lat' dir='ltr'>aereas</span> <span class='ocrx_word' id='word_1_296' title='bbox 746 4017 885 4094; x_wconf 76' lang='lat' dir='ltr'>Sanbiae</span> <span class='ocrx_word' id='word_1_297' title='bbox 901 4022 1035 4094; x_wconf 65' lang='lat' dir='ltr'>norim</span> 
     </span>
     <span class='ocr_line' id='line_1_55' title="bbox 247 4115 1034 4220; baseline 0.011 -32"><span class='ocrx_word' id='word_1_298' title='bbox 247 4115 313 4188; x_wconf 80' lang='lat' dir='ltr'>&#39;in</span> <span class='ocrx_word' id='word_1_299' title='bbox 339 4117 440 4190; x_wconf 89' lang='lat' dir='ltr'>Turti</span> <span class='ocrx_word' id='word_1_300' title='bbox 452 4171 462 4190; x_wconf 92' lang='lat'><strong>.</strong></span> <span class='ocrx_word' id='word_1_301' title='bbox 496 4119 549 4192; x_wconf 86' lang='lat' dir='ltr'>ibi</span> <span class='ocrx_word' id='word_1_302' title='bbox 575 4119 667 4212; x_wconf 77' lang='lat' dir='ltr'>sedet</span> <span class='ocrx_word' id='word_1_303' title='bbox 690 4125 848 4194; x_wconf 86' lang='lat' dir='ltr'>Dominus</span> <span class='ocrx_word' id='word_1_304' title='bbox 879 4124 1034 4220; x_wconf 80' lang='lat' dir='ltr'>Papuin</span> 
     </span>
    </p>
   </div>
   <div class='ocr_carea' id='block_1_17' title="bbox 1125 3406 1974 4216">
    <p class='ocr_par' dir='ltr' id='par_1_18' title="bbox 1125 3406 1974 4216">
     <span class='ocr_line' id='line_1_56' title="bbox 1125 3406 1886 3502; baseline 0.007 -20"><span class='ocrx_word' id='word_1_305' title='bbox 1125 3406 1294 3483; x_wconf 76' lang='lat' dir='ltr'>celsorum</span> <span class='ocrx_word' id='word_1_306' title='bbox 1320 3433 1360 3482; x_wconf 84' lang='lat' dir='ltr'>tn</span> <span class='ocrx_word' id='word_1_307' title='bbox 1385 3407 1553 3484; x_wconf 89' lang='lat' dir='ltr'>omnibus</span> <span class='ocrx_word' id='word_1_308' title='bbox 1578 3409 1821 3502; x_wconf 76' lang='lat' dir='ltr'>utilitatibus,</span> <span class='ocrx_word' id='word_1_309' title='bbox 1847 3411 1886 3488; x_wconf 92' lang='lat' dir='ltr'>in</span> 
     </span>
     <span class='ocr_line' id='line_1_57' title="bbox 1126 3506 1889 3612; baseline 0.003 -28"><span class='ocrx_word' id='word_1_310' title='bbox 1126 3527 1298 3610; x_wconf 77' lang='lat' dir='ltr'>quantum</span> <span class='ocrx_word' id='word_1_311' title='bbox 1323 3507 1452 3584; x_wconf 84' lang='lat' dir='ltr'>divino</span> <span class='ocrx_word' id='word_1_312' title='bbox 1478 3506 1588 3584; x_wconf 83' lang='lat' dir='ltr'>fultus</span> <span class='ocrx_word' id='word_1_313' title='bbox 1624 3509 1724 3586; x_wconf 89' lang='lat' dir='ltr'>fuero</span> <span class='ocrx_word' id='word_1_314' title='bbox 1750 3511 1889 3612; x_wconf 80' lang='lat' dir='ltr'>adjuto·</span> 
     </span>
     <span class='ocr_line' id='line_1_58' title="bbox 1127 3607 1974 3730; baseline 0 -44"><span class='ocrx_word' id='word_1_315' title='bbox 1127 3610 1205 3705; x_wconf 91' lang='lat' dir='ltr'>rio,</span> <span class='ocrx_word' id='word_1_316' title='bbox 1231 3608 1421 3687; x_wconf 77' lang='lat' dir='ltr'>secundum</span> <span class='ocrx_word' id='word_1_317' title='bbox 1448 3607 1535 3684; x_wconf 90' lang='lat' dir='ltr'>scire</span> <span class='ocrx_word' id='word_1_318' title='bbox 1561 3637 1680 3686; x_wconf 87' lang='lat' dir='ltr'>meum</span> <span class='ocrx_word' id='word_1_319' title='bbox 1707 3639 1747 3687; x_wconf 81' lang='lat' dir='ltr'>ac</span> <span class='ocrx_word' id='word_1_320' title='bbox 1773 3613 1889 3730; x_wconf 86' lang='lat' dir='ltr'>posse,</span> <span class='ocrx_word' id='word_1_321' title='bbox 1972 3681 1974 3686; x_wconf 89' lang='lat'><em>.</em></span> 
     </span>
     <span class='ocr_line' id='line_1_59' title="bbox 1128 3709 1889 3814; baseline 0.004 -28"><span class='ocrx_word' id='word_1_322' title='bbox 1128 3710 1198 3788; x_wconf 87' lang='lat' dir='ltr'>line</span> <span class='ocrx_word' id='word_1_323' title='bbox 1223 3709 1343 3788; x_wconf 81' lang='lat' dir='ltr'>fraude</span> <span class='ocrx_word' id='word_1_324' title='bbox 1368 3713 1405 3786; x_wconf 78' lang='lat' dir='ltr'>de</span> <span class='ocrx_word' id='word_1_325' title='bbox 1430 3713 1527 3786; x_wconf 81' lang='lat' dir='ltr'>molo</span> <span class='ocrx_word' id='word_1_326' title='bbox 1551 3710 1720 3814; x_wconf 81' lang='lat' dir='ltr'>ingenio.</span> <span class='ocrx_word' id='word_1_327' title='bbox 1747 3717 1805 3788; x_wconf 91' lang='lat' dir='ltr'>Src</span> <span class='ocrx_word' id='word_1_328' title='bbox 1831 3740 1889 3790; x_wconf 91' lang='lat' dir='ltr'>me</span> 
     </span>
     <span class='ocr_line' id='line_1_60' title="bbox 1128 3805 1890 3914; baseline 0.004 -26"><span class='ocrx_word' id='word_1_329' title='bbox 1128 3805 1223 3890; x_wconf 73' lang='lat' dir='ltr'>Dius</span> <span class='ocrx_word' id='word_1_330' title='bbox 1250 3814 1420 3914; x_wconf 76' lang='lat' dir='ltr'>adjuvet,</span> <span class='ocrx_word' id='word_1_331' title='bbox 1454 3814 1491 3888; x_wconf 79' lang='lat' dir='ltr'>dc</span> <span class='ocrx_word' id='word_1_332' title='bbox 1516 3813 1602 3890; x_wconf 81' lang='lat' dir='ltr'>hoec</span> <span class='ocrx_word' id='word_1_333' title='bbox 1629 3813 1745 3891; x_wconf 72' lang='lat' dir='ltr'>sensio</span> <span class='ocrx_word' id='word_1_334' title='bbox 1771 3819 1890 3891; x_wconf 81' lang='lat' dir='ltr'>Evan-</span> 
     </span>
     <span class='ocr_line' id='line_1_61' title="bbox 1127 3915 1889 4016; baseline 0 -26"><span class='ocrx_word' id='word_1_335' title='bbox 1127 3915 1202 3992; x_wconf 87' lang='lat' dir='ltr'>lia.</span> <span class='ocrx_word' id='word_1_336' title='bbox 1227 3918 1338 4013; x_wconf 79' lang='lat' dir='ltr'>ibique</span> <span class='ocrx_word' id='word_1_337' title='bbox 1362 3920 1565 3990; x_wconf 82' lang='lat' dir='ltr'>Camerarius</span> <span class='ocrx_word' id='word_1_338' title='bbox 1589 3918 1725 3992; x_wconf 87' lang='lat' dir='ltr'>Domini</span> <span class='ocrx_word' id='word_1_339' title='bbox 1757 3924 1889 4016; x_wconf 76' lang='lat' dir='ltr'>Papae,</span> 
     </span>
     <span class='ocr_line' id='line_1_62' title="bbox 1128 4016 1888 4114; baseline 0.005 -23"><span class='ocrx_word' id='word_1_340' title='bbox 1128 4016 1235 4092; x_wconf 80' lang='lat' dir='ltr'>Eleiii</span> <span class='ocrx_word' id='word_1_341' title='bbox 1267 4018 1400 4090; x_wconf 79' lang='lat' dir='ltr'>Pullum</span> <span class='ocrx_word' id='word_1_342' title='bbox 1433 4017 1549 4114; x_wconf 83' lang='lat' dir='ltr'>accipit</span> <span class='ocrx_word' id='word_1_343' title='bbox 1580 4017 1647 4103; x_wconf 79' lang='lat' dir='ltr'>fibi</span> <span class='ocrx_word' id='word_1_344' title='bbox 1686 4021 1888 4094; x_wconf 82' lang='lat' dir='ltr'>habendam.</span> 
     </span>
     <span class='ocr_line' id='line_1_63' title="bbox 1127 4118 1892 4216; baseline 0.003 -24"><span class='ocrx_word' id='word_1_345' title='bbox 1127 4118 1253 4193; x_wconf 83' lang='lat' dir='ltr'>Deinde</span> <span class='ocrx_word' id='word_1_346' title='bbox 1277 4118 1402 4216; x_wconf 77' lang='lat' dir='ltr'>quaerit</span> <span class='ocrx_word' id='word_1_347' title='bbox 1425 4121 1468 4191; x_wconf 86' lang='lat' dir='ltr'>ub</span> <span class='ocrx_word' id='word_1_348' title='bbox 1493 4144 1526 4189; x_wconf 88' lang='lat' dir='ltr'>eo</span> <span class='ocrx_word' id='word_1_349' title='bbox 1548 4119 1706 4192; x_wconf 80' lang='lat' dir='ltr'>Dominus</span> <span class='ocrx_word' id='word_1_350' title='bbox 1726 4127 1840 4216; x_wconf 81' lang='lat' dir='ltr'>Prpa,</span> <span class='ocrx_word' id='word_1_351' title='bbox 1857 4121 1892 4208; x_wconf 84' lang='lat' dir='ltr'>Ji</span> 
     </span>
    </p>
   </div>
   <div class='ocr_carea' id='block_1_18' title="bbox 265 4211 1895 5340">
    <p class='ocr_par' dir='ltr' id='par_1_19' title="bbox 265 4211 1895 5340">
     <span class='ocr_line' id='line_1_64' title="bbox 271 4211 1895 4322; baseline 0.004 -34"><span class='ocrx_word' id='word_1_352' title='bbox 271 4222 354 4289; x_wconf 77' lang='lat' dir='ltr'>Sede</span> <span class='ocrx_word' id='word_1_353' title='bbox 371 4217 456 4311; x_wconf 73' lang='lat' dir='ltr'>sua,</span> <span class='ocrx_word' id='word_1_354' title='bbox 481 4219 594 4292; x_wconf 88' lang='lat' dir='ltr'>circum</span> <span class='ocrx_word' id='word_1_355' title='bbox 610 4221 775 4310; x_wconf 79' lang='lat' dir='ltr'>flantibus</span> <span class='ocrx_word' id='word_1_356' title='bbox 799 4223 966 4322; x_wconf 82' lang='lat' dir='ltr'>Episcopis</span> <span class='ocrx_word' id='word_1_357' title='bbox 991 4225 1036 4297; x_wconf 72' lang='grc' dir='ltr'>θ’</span> <span class='ocrx_word' id='word_1_358' title='bbox 1068 4211 1097 4282; x_wconf 76' lang='grc' dir='ltr'><strong><em>Ε</em></strong></span> <span class='ocrx_word' id='word_1_359' title='bbox 1126 4221 1203 4294; x_wconf 81' lang='lat' dir='ltr'>vuit</span> <span class='ocrx_word' id='word_1_360' title='bbox 1216 4221 1328 4294; x_wconf 83' lang='lat' dir='ltr'>babere</span> <span class='ocrx_word' id='word_1_361' title='bbox 1336 4239 1526 4316; x_wconf 84' lang='lat' dir='ltr'>pucemcum</span> <span class='ocrx_word' id='word_1_362' title='bbox 1545 4219 1704 4306; x_wconf 79' lang='lat' dir='ltr'>Eccbrfie.</span> <span class='ocrx_word' id='word_1_363' title='bbox 1719 4227 1829 4320; x_wconf 84' lang='lat' dir='ltr'>quue</span> <span class='ocrx_word' id='word_1_364' title='bbox 1843 4244 1895 4294; x_wconf 87' lang='lat' dir='ltr'>ter</span> 
     </span>
     <span class='ocr_line' id='line_1_65' title="bbox 271 4322 1891 4422; baseline 0.004 -30"><span class='ocrx_word' id='word_1_365' title='bbox 271 4322 528 4412; x_wconf 72' lang='lat' dir='ltr'>cardinalibus,</span> <span class='ocrx_word' id='word_1_366' title='bbox 557 4324 734 4416; x_wconf 72' lang='lat' dir='ltr'>Discurris,</span> <span class='ocrx_word' id='word_1_367' title='bbox 770 4325 816 4396; x_wconf 70' lang='lat' dir='ltr'>D·</span> <span class='ocrx_word' id='word_1_368' title='bbox 840 4325 948 4397; x_wconf 85' lang='lat' dir='ltr'>ceteris</span> <span class='ocrx_word' id='word_1_369' title='bbox 971 4331 1032 4398; x_wconf 85' lang='lat' dir='ltr'>Ec·</span> <span class='ocrx_word' id='word_1_370' title='bbox 1126 4322 1350 4422; x_wconf 81' lang='lat' dir='ltr'>respondente:</span> <span class='ocrx_word' id='word_1_371' title='bbox 1365 4322 1484 4412; x_wconf 88' lang='lat' dir='ltr'>Volo,</span> <span class='ocrx_word' id='word_1_372' title='bbox 1499 4322 1657 4395; x_wconf 82' lang='lat' dir='ltr'>Dominus</span> <span class='ocrx_word' id='word_1_373' title='bbox 1675 4329 1769 4422; x_wconf 73' lang='lat' dir='ltr'>Papa</span> <span class='ocrx_word' id='word_1_374' title='bbox 1786 4325 1891 4398; x_wconf 80' lang='lat' dir='ltr'>dicit:</span> 
     </span>
     <span class='ocr_line' id='line_1_66' title="bbox 267 4418 1890 4524; baseline 0.005 -32"><span class='ocrx_word' id='word_1_375' title='bbox 267 4418 380 4505; x_wconf 81' lang='lat' dir='ltr'>olestae</span> <span class='ocrx_word' id='word_1_376' title='bbox 405 4423 604 4499; x_wconf 84' lang='lat' dir='ltr'>Ordinibus.</span> <span class='ocrx_word' id='word_1_377' title='bbox 641 4431 732 4498; x_wconf 85' lang='lat' dir='ltr'>Tunc</span> <span class='ocrx_word' id='word_1_378' title='bbox 766 4424 900 4499; x_wconf 74' lang='lat' dir='ltr'>Eleiius</span> <span class='ocrx_word' id='word_1_379' title='bbox 933 4431 1033 4520; x_wconf 81' lang='lat' dir='ltr'>irnpe-</span> <span class='ocrx_word' id='word_1_380' title='bbox 1125 4429 1175 4500; x_wconf 82' lang='lat' dir='ltr'>Et</span> <span class='ocrx_word' id='word_1_381' title='bbox 1199 4449 1266 4524; x_wconf 81' lang='lat' dir='ltr'>ego</span> <span class='ocrx_word' id='word_1_382' title='bbox 1290 4423 1338 4498; x_wconf 95' lang='lat' dir='ltr'>do</span> <span class='ocrx_word' id='word_1_383' title='bbox 1363 4419 1434 4497; x_wconf 87' lang='lat' dir='ltr'>tibi</span> <span class='ocrx_word' id='word_1_384' title='bbox 1461 4447 1611 4523; x_wconf 83' lang='lat' dir='ltr'>paoem,</span> <span class='ocrx_word' id='word_1_385' title='bbox 1648 4422 1737 4500; x_wconf 90' lang='lat' dir='ltr'>srcut</span> <span class='ocrx_word' id='word_1_386' title='bbox 1762 4425 1890 4500; x_wconf 88' lang='lat' dir='ltr'>Domi·</span> 
     </span>
     <span class='ocr_line' id='line_1_67' title="bbox 268 4523 1892 4626; baseline 0.002 -32"><span class='ocrx_word' id='word_1_387' title='bbox 268 4541 356 4595; x_wconf 83' lang='lat' dir='ltr'>curer</span> <span class='ocrx_word' id='word_1_388' title='bbox 389 4549 458 4596; x_wconf 88' lang='lat' dir='ltr'>eum</span> <span class='ocrx_word' id='word_1_389' title='bbox 491 4527 635 4626; x_wconf 68' lang='lat' dir='ltr'>Coniuge</span> <span class='ocrx_word' id='word_1_390' title='bbox 662 4526 725 4620; x_wconf 82' lang='lat' dir='ltr'>suu</span> <span class='ocrx_word' id='word_1_391' title='bbox 743 4527 789 4600; x_wconf 68' lang='lat' dir='ltr'>D*</span> <span class='ocrx_word' id='word_1_392' title='bbox 804 4529 948 4600; x_wconf 79' lang='lat' dir='ltr'>erunibus</span> <span class='ocrx_word' id='word_1_393' title='bbox 965 4535 1034 4602; x_wconf 83' lang='lat' dir='ltr'>Ba·</span> <span class='ocrx_word' id='word_1_394' title='bbox 1128 4553 1193 4601; x_wconf 85' lang='lat' dir='ltr'>nus</span> <span class='ocrx_word' id='word_1_395' title='bbox 1219 4523 1317 4600; x_wconf 91' lang='lat' dir='ltr'>dedit</span> <span class='ocrx_word' id='word_1_396' title='bbox 1344 4523 1539 4626; x_wconf 83' lang='lat' dir='ltr'>Discipulls</span> <span class='ocrx_word' id='word_1_397' title='bbox 1558 4523 1647 4600; x_wconf 87' lang='lat' dir='ltr'>suis.</span> <span class='ocrx_word' id='word_1_398' title='bbox 1666 4529 1892 4624; x_wconf 39' lang='lat' dir='ltr'>xOscrricrturque</span> 
     </span>
     <span class='ocr_line' id='line_1_68' title="bbox 267 4623 1892 4724; baseline 0.001 -26"><span class='ocrx_word' id='word_1_399' title='bbox 267 4623 398 4702; x_wconf 77' lang='lat' dir='ltr'>renibus</span> <span class='ocrx_word' id='word_1_400' title='bbox 416 4623 512 4717; x_wconf 82' lang='lat' dir='ltr'>suis,</span> <span class='ocrx_word' id='word_1_401' title='bbox 538 4629 696 4719; x_wconf 83' lang='lat' dir='ltr'>clericis,</span> <span class='ocrx_word' id='word_1_402' title='bbox 724 4630 770 4700; x_wconf 72' lang='lat'>&amp;⁶</span> <span class='ocrx_word' id='word_1_403' title='bbox 795 4629 925 4720; x_wconf 85' lang='lat' dir='ltr'>Laicis,</span> <span class='ocrx_word' id='word_1_404' title='bbox 951 4630 1033 4722; x_wconf 73' lang='lat' dir='ltr'>oscu-</span> <span class='ocrx_word' id='word_1_405' title='bbox 1123 4631 1260 4720; x_wconf 78' lang='lat' dir='ltr'>frontem</span> <span class='ocrx_word' id='word_1_406' title='bbox 1294 4624 1365 4721; x_wconf 76' lang='lat' dir='ltr'>ejus</span> <span class='ocrx_word' id='word_1_407' title='bbox 1398 4627 1443 4698; x_wconf 73' lang='grc'>(9·</span> <span class='ocrx_word' id='word_1_408' title='bbox 1477 4649 1616 4700; x_wconf 84' lang='lat' dir='ltr'>mentum</span> <span class='ocrx_word' id='word_1_409' title='bbox 1650 4625 1775 4724; x_wconf 81' lang='lat' dir='ltr'>(rasus</span> <span class='ocrx_word' id='word_1_410' title='bbox 1807 4627 1892 4700; x_wconf 85' lang='lat' dir='ltr'>eninr</span> 
     </span>
     <span class='ocr_line' id='line_1_69' title="bbox 268 4725 1892 4828; baseline 0.003 -30"><span class='ocrx_word' id='word_1_411' title='bbox 268 4727 381 4802; x_wconf 77' lang='lat' dir='ltr'>lentur</span> <span class='ocrx_word' id='word_1_412' title='bbox 401 4729 498 4823; x_wconf 88' lang='lat' dir='ltr'>pedes</span> <span class='ocrx_word' id='word_1_413' title='bbox 521 4730 658 4804; x_wconf 88' lang='lat' dir='ltr'>Domini</span> <span class='ocrx_word' id='word_1_414' title='bbox 683 4738 823 4824; x_wconf 78' lang='lat' dir='ltr'>Papae:</span> <span class='ocrx_word' id='word_1_415' title='bbox 864 4731 909 4802; x_wconf 69' lang='lat' dir='ltr'>D*</span> <span class='ocrx_word' id='word_1_416' title='bbox 933 4732 1032 4828; x_wconf 87' lang='lat' dir='ltr'>Regi·</span> <span class='ocrx_word' id='word_1_417' title='bbox 1128 4727 1185 4826; x_wconf 76' lang='lat' dir='ltr'>effe</span> <span class='ocrx_word' id='word_1_418' title='bbox 1208 4729 1333 4827; x_wconf 79' lang='lat' dir='ltr'>debet)</span> <span class='ocrx_word' id='word_1_419' title='bbox 1369 4728 1414 4799; x_wconf 76' lang='grc'>(9·</span> <span class='ocrx_word' id='word_1_420' title='bbox 1447 4732 1558 4804; x_wconf 82' lang='lat' dir='ltr'>umbus</span> <span class='ocrx_word' id='word_1_421' title='bbox 1588 4751 1711 4828; x_wconf 82' lang='lat' dir='ltr'>genas,</span> <span class='ocrx_word' id='word_1_422' title='bbox 1743 4725 1892 4824; x_wconf 74' lang='lat' dir='ltr'>postremo</span> 
     </span>
     <span class='ocr_line' id='line_1_70' title="bbox 269 4827 1893 4928; baseline 0.001 -26"><span class='ocrx_word' id='word_1_423' title='bbox 269 4831 314 4902; x_wconf 79' lang='lat' dir='ltr'>ot</span> <span class='ocrx_word' id='word_1_424' title='bbox 340 4829 375 4898; x_wconf 91' lang='lat' dir='ltr'>in</span> <span class='ocrx_word' id='word_1_425' title='bbox 397 4849 522 4924; x_wconf 86' lang='lat' dir='ltr'>purtem</span> <span class='ocrx_word' id='word_1_426' title='bbox 546 4857 617 4902; x_wconf 82' lang='lat' dir='ltr'>cunr</span> <span class='ocrx_word' id='word_1_427' title='bbox 634 4831 836 4927; x_wconf 70' lang='lat' dir='ltr'>supradisiis</span> <span class='ocrx_word' id='word_1_428' title='bbox 854 4831 1035 4906; x_wconf 79' lang='lat' dir='ltr'>dubioribur</span> <span class='ocrx_word' id='word_1_429' title='bbox 1129 4859 1186 4906; x_wconf 89' lang='lat' dir='ltr'>os.</span> <span class='ocrx_word' id='word_1_430' title='bbox 1231 4838 1321 4904; x_wconf 82' lang='lat' dir='ltr'>Tunc</span> <span class='ocrx_word' id='word_1_431' title='bbox 1357 4829 1493 4928; x_wconf 84' lang='lat' dir='ltr'>[urgens</span> <span class='ocrx_word' id='word_1_432' title='bbox 1525 4827 1684 4902; x_wconf 87' lang='lat' dir='ltr'>Dominus</span> <span class='ocrx_word' id='word_1_433' title='bbox 1716 4833 1812 4926; x_wconf 82' lang='lat' dir='ltr'>Papa</span> <span class='ocrx_word' id='word_1_434' title='bbox 1845 4848 1893 4904; x_wconf 75' lang='lat' dir='ltr'>ter</span> 
     </span>
     <span class='ocr_line' id='line_1_71' title="bbox 265 4925 1892 5033; baseline -0.004 -27"><span class='ocrx_word' id='word_1_435' title='bbox 265 4935 338 5027; x_wconf 72' lang='lat' dir='ltr'>suis</span> <span class='ocrx_word' id='word_1_436' title='bbox 362 4935 539 5022; x_wconf 83' lang='lat' dir='ltr'>recedente,</span> <span class='ocrx_word' id='word_1_437' title='bbox 575 4929 707 5008; x_wconf 77' lang='lat' dir='ltr'>Eiebius</span> <span class='ocrx_word' id='word_1_438' title='bbox 725 4933 821 5028; x_wconf 81' lang='lat' dir='ltr'>jurat</span> <span class='ocrx_word' id='word_1_439' title='bbox 837 4934 1036 5026; x_wconf 83' lang='lat' dir='ltr'>fidelitatem</span> <span class='ocrx_word' id='word_1_440' title='bbox 1127 4931 1253 5033; x_wconf 79' lang='lat' dir='ltr'>quaerit</span> <span class='ocrx_word' id='word_1_441' title='bbox 1277 4933 1319 5004; x_wconf 88' lang='lat' dir='ltr'>ub</span> <span class='ocrx_word' id='word_1_442' title='bbox 1342 4956 1401 5022; x_wconf 89' lang='lat' dir='ltr'>eo,</span> <span class='ocrx_word' id='word_1_443' title='bbox 1427 4931 1464 5017; x_wconf 85' lang='lat' dir='ltr'>si</span> <span class='ocrx_word' id='word_1_444' title='bbox 1493 4931 1581 5004; x_wconf 83' lang='lat' dir='ltr'>veiis</span> <span class='ocrx_word' id='word_1_445' title='bbox 1612 4925 1670 5024; x_wconf 76' lang='lat' dir='ltr'>effe</span> <span class='ocrx_word' id='word_1_446' title='bbox 1693 4927 1793 5020; x_wconf 79' lang='lat' dir='ltr'>filius</span> <span class='ocrx_word' id='word_1_447' title='bbox 1827 4937 1892 5006; x_wconf 84' lang='lat' dir='ltr'>Ec.</span> 
     </span>
     <span class='ocr_line' id='line_1_72' title="bbox 271 5029 1893 5131; baseline -0.001 -21"><span class='ocrx_word' id='word_1_448' title='bbox 271 5036 409 5110; x_wconf 84' lang='lat' dir='ltr'>Domino</span> <span class='ocrx_word' id='word_1_449' title='bbox 433 5039 542 5131; x_wconf 78' lang='lat' dir='ltr'>Papae</span> <span class='ocrx_word' id='word_1_450' title='bbox 567 5033 602 5106; x_wconf 92' lang='lat' dir='ltr'>in</span> <span class='ocrx_word' id='word_1_451' title='bbox 628 5035 710 5108; x_wconf 85' lang='lat' dir='ltr'>bunc</span> <span class='ocrx_word' id='word_1_452' title='bbox 735 5039 884 5108; x_wconf 81' lang='lat' dir='ltr'>modum:</span> <span class='ocrx_word' id='word_1_453' title='bbox 905 5039 945 5110; x_wconf 90' lang='lat' dir='ltr'>In</span> <span class='ocrx_word' id='word_1_454' title='bbox 971 5061 1034 5110; x_wconf 92' lang='lat' dir='ltr'>no·</span> <span class='ocrx_word' id='word_1_455' title='bbox 1130 5033 1258 5119; x_wconf 74' lang='lat' dir='ltr'>clostat.</span> <span class='ocrx_word' id='word_1_456' title='bbox 1293 5037 1343 5106; x_wconf 83' lang='lat' dir='ltr'>Et</span> <span class='ocrx_word' id='word_1_457' title='bbox 1369 5033 1498 5104; x_wconf 82' lang='lat' dir='ltr'>illucet</span> <span class='ocrx_word' id='word_1_458' title='bbox 1522 5029 1747 5128; x_wconf 68' lang='lat' dir='ltr'>respondente:</span> <span class='ocrx_word' id='word_1_459' title='bbox 1773 5036 1893 5129; x_wconf 88' lang='lat' dir='ltr'>Volo,</span> 
     </span>
     <span class='ocr_line' id='line_1_73' title="bbox 271 5133 1894 5232; baseline -0.002 -22"><span class='ocrx_word' id='word_1_460' title='bbox 271 5135 370 5212; x_wconf 87' lang='lat' dir='ltr'>mine</span> <span class='ocrx_word' id='word_1_461' title='bbox 395 5133 548 5212; x_wconf 89' lang='lat' dir='ltr'>Domini</span> <span class='ocrx_word' id='word_1_462' title='bbox 572 5134 681 5212; x_wconf 83' lang='lat' dir='ltr'>nostri</span> <span class='ocrx_word' id='word_1_463' title='bbox 706 5135 784 5228; x_wconf 85' lang='lat' dir='ltr'>Jesu</span> <span class='ocrx_word' id='word_1_464' title='bbox 811 5135 963 5214; x_wconf 82' lang='lat' dir='ltr'>Christi.</span> <span class='ocrx_word' id='word_1_465' title='bbox 988 5141 1031 5212; x_wconf 76' lang='lat' dir='ltr'>E·</span> <span class='ocrx_word' id='word_1_466' title='bbox 1131 5137 1289 5216; x_wconf 81' lang='lat' dir='ltr'>Dominus</span> <span class='ocrx_word' id='word_1_467' title='bbox 1313 5141 1408 5231; x_wconf 77' lang='lat' dir='ltr'>Papa</span> <span class='ocrx_word' id='word_1_468' title='bbox 1430 5133 1538 5206; x_wconf 74' lang='lat' dir='ltr'>dicit</span> <span class='ocrx_word' id='word_1_469' title='bbox 1574 5135 1624 5210; x_wconf 81' lang='lat' dir='ltr'>Et</span> <span class='ocrx_word' id='word_1_470' title='bbox 1648 5157 1715 5232; x_wconf 77' lang='lat' dir='ltr'>ego</span> <span class='ocrx_word' id='word_1_471' title='bbox 1741 5151 1778 5209; x_wconf 90' lang='lat' dir='ltr'>te</span> <span class='ocrx_word' id='word_1_472' title='bbox 1804 5134 1894 5213; x_wconf 82' lang='lat' dir='ltr'>reci.</span> 
     </span>
     <span class='ocr_line' id='line_1_74' title="bbox 876 5233 1839 5340; baseline -0.001 -26"><span class='ocrx_word' id='word_1_473' title='bbox 876 5283 880 5292; x_wconf 68' lang='grc'><strong>«</strong></span> <span class='ocrx_word' id='word_1_474' title='bbox 1194 5241 1230 5314; x_wconf 90' lang='lat' dir='ltr'>L</span> <span class='ocrx_word' id='word_1_475' title='bbox 1283 5259 1307 5310; x_wconf 79' lang='lat' dir='ltr'>r.</span> <span class='ocrx_word' id='word_1_476' title='bbox 1775 5233 1839 5340; x_wconf 88' lang='lat' dir='ltr'>pio</span> 
     </span>
    </p>
   </div>
   <div class='ocr_carea' id='block_1_19' title="bbox 0 0 2318 6148">
    <p class='ocr_par' dir='ltr' id='par_1_20' title="bbox 0 0 2318 6148">
     <span class='ocr_line' id='line_1_75' title="bbox 0 0 2318 6148; baseline 0 0"><span class='ocrx_word' id='word_1_477' title='bbox 0 0 2318 6148; x_wconf 95' lang='lat' dir='ltr'> </span> 
     </span>
    </p>
   </div>
  </div>
 </body>
</html>
