4628 6148
402 539 407 551 1
466 457 549 540 247
774 419 1163 556 Attrtfflttt'.
1213 417 1441 512 MEDII
1482 421 1658 511 asu!
1884 435 1967 540 248

400 541 558 616 brennum
583 541 715 639 aliquod
735 545 925 642 patientur,
961 561 1074 638 quarm
1110 541 1171 612 erit
1187 547 1238 620 ΙΑ
1264 539 1430 612 heredibus
1449 541 1493 610 Θ
1509 539 1725 636 suceeffisribus
1745 569 1800 615 nos
1818 571 1922 616 omues
1937 571 2033 642 prae,-

403 651 580 734 damnum,
617 667 757 717 tansum
778 647 812 716 in
839 643 951 728 nnslris
985 643 1076 726 bootis
1110 643 1172 742 ipfi
1263 639 1345 714 diiii
1371 641 1501 737 masiuli
1527 643 1571 714 (Ψ
1591 644 1729 734 sentinae
1762 647 1854 716 vobis
1887 667 1946 740 pro
1979 647 2034 718 di.

403 747 532 820 Domno
557 751 668 840 Papae
693 749 737 816 θ
755 741 972 836 [αιτιιῖονὶὸκε
1005 744 1076 839 ejus
1097 748 1171 848 pla·
1265 741 1314 816 do
1339 748 1464 818 Damno
1489 750 1595 841 Pap&
1609 747 1653 816 Θ
1672 745 1741 838 setis
1753 743 1969 838 succcss‘orr'bus
1989 749 2034 818 tr

400 851 568 936 centibus,
588 845 661 932 stne
679 845 767 938 juris
792 845 936 942 offensa,
964 847 1009 917 (θ’
1033 847 1172 942 alicujus
1264 864 1331 918 tota
1357 853 1507 919 Romana
1531 844 1694 936 Ecclesia,
1713 871 1793 943 quae
1817 845 1907 918 dicia
1927 846 2029 940 sunt,
2083 907 2097 928 χ

403 947 524 1020 Curiae
545 946 813 1042 proclamatione,
839 945 1028 1026 callositate
1041 951 1173 1050 propria
1263 946 1369 1020 omnia
1395 948 1585 1042 observare,
1620 947 1809 1039 defendere,
1846 947 1891 1018 (9⁴
1926 950 2032 1022 adim.

397 1047 477 1143 jore
498 1047 644 1144 pignoris
662 1048 853 1140 vendicent,
872 1071 1026 1147 quantum
1051 1053 1096 1124 ad
1120 1052 1168 1124 di·
1259 1049 1349 1146 plcre
1370 1051 1585 1148 promittimus
1605 1050 1667 1142 snb
1690 1075 1792 1146 poena
1815 1047 1913 1120 totius
1934 1071 2028 1148 prae·

401 1148 495 1222 biom
517 1147 671 1234 sommam
705 1151 833 1247 argenti
863 1152 1027 1249 pertinet.
1063 1159 1112 1228 Et
1139 1153 1174 1242 fi
1263 1149 1368 1225 dillar
1388 1151 1541 1243 summae
1554 1153 1682 1244 argenti
1706 1151 1847 1248 duplae.
1875 1155 1924 1224 Et
1942 1153 2031 1243 selu·

400 1251 517 1346 alique
542 1257 632 1326 modo
658 1253 865 1328 contradicere
889 1255 1104 1347 voluerimus,
1122 1284 1169 1329 ca·
1262 1254 1298 1326 tl
1320 1256 1450 1350 mend,
1484 1259 1560 1326 baec
1584 1255 1743 1326 Chettaia
1769 1251 1872 1343 firma
1888 1294 1893 1305 ·
1903 1272 2028 1348 prema·

402 1352 518 1424 damus
551 1357 574 1424 ἱ
605 1351 707 1448 serre,
742 1356 826 1450 quod
861 1357 896 1428 in
931 1355 1047 1449 eisdem
1080 1359 1171 1430 bonis
1261 1371 1361 1428 neat.
1396 1361 1505 1449 Quam
1526 1355 1659 1446 seribere
1685 1358 1870 1450 rogavimus
1894 1359 1925 1444 J
1927 1357 2026 1427 oben·

400 1454 602 1548 babuimus,
641 1455 686 1526 &¹
720 1457 822 1553 ipsum
855 1458 1007 1534 damnum
1040 1461 1174 1560 duplum
1208 1458 1332 1532 Bnem
1366 1457 1483 1528 Leonis
1517 1455 1749 1530 Scrinierium
1784 1456 1822 1526 in
1858 1454 1959 1546 mense
1985 1455 2028 1525 U·

407 1554 473 1652 ipfi
498 1565 662 1630 Romanae
681 1557 838 1644 Ecclesiae
850 1559 975 1651 soluere
994 1581 1173 1638 teneamur.
1262 1554 1439 1632 indiiiione
1458 1557 1676 1654 suprascripta
1703 1561 1799 1628 XIII.

405 1663 471 1732 Pro
496 1683 556 1754 quo
580 1665 655 1732 vero
680 1661 819 1744 damno,
838 1659 873 1744 st
895 1665 977 1758 quod
994 1661 1098 1752 abste,
1124 1690 1170 1737 ae·
1307 1663 1422 1732 Petrus
1455 1665 1647 1732 Sarracenos
1671 1664 1703 1754 s
1705 1657 1838 1732 ohannis
1876 1655 2022 1732 Kinardi

404 1758 544 1850 rideret,
571 1786 627 1832 nos
643 1759 825 1856 specialiter
834 1763 1032 1858 jacquintus
1050 1765 1094 1836 Φ
1111 1767 1172 1838 Ni·
1367 1759 1478 1848 tcslr's,

407 1862 513 1931 colaus
548 1867 751 1936 Andreottae
784 1863 955 1956 insolidum
988 1863 1092 1957 ntrsira
1124 1869 1172 1940 bo·
1313 1863 1437 1936 Paulus
1476 1862 1702 1962 malagromus
1741 1858 1879 1938 Domtfi
1914 1863 2027 1959 Papae

407 1987 452 2034 rsa
478 1985 634 2058 qrtantum
660 1965 705 2036 ad
731 1965 817 2038 illud
848 1967 1014 2060 pertinet,
1051 1967 1171 2062 obliga·
1366 1961 1510 2038 userius
1536 1967 1647 2054 testis.

405 2088 506 2150 mur,
549 2067 593 2134 (Ψ
617 2069 639 2136 d
667 2073 815 2137 Romana
841 2065 981 2148 Ecclefia
1001 2089 1060 2164 pre
1086 2069 1175 2141 nobis
1312 2065 1512 2159 Gregorius]
1513 2068 1647 2138 ohannis
1655 2066 1919 2164 Bibentisaqucm
1930 2069 2030 2159 tesiis.

408 2163 453 2234 (9·
479 2161 592 2248 rosiris
617 2165 782 2238 heredibus
803 2167 944 2261 precario
966 2167 1173 2262 poffidrrnus,
1304 2169 1336 2256 J
1337 2163 1471 2262 obannrs
1497 2168 1637 2237 oddonis
1662 2167 1772 2252 resir's.

406 2263 628 2336 renuntiantes
653 2291 741 2336 omne
759 2266 849 2360 juris
873 2267 929 2339 vel
954 2269 1059 2364 legum
1081 2270 1171 2342 anri·
1312 2267 1506 2339 Laurentius
1531 2268 1708 2340 Barbuccia
1733 2265 1839 2352 tellis.

405 2361 517 2454 lium,
551 2369 633 2464 quod
659 2387 722 2462 ‚pro
747 2368 837 2441 nobis
863 2369 898 2440 in
923 2369 983 2442 bae
1005 2370 1098 2464 causo
1124 2372 1170 2442 in·
1200 2371 1232 2442 C
1308 2369 1382 2466 Ego
1398 2368 1566 2462 schannes
1591 2369 1708 2442 Leonis
1725 2365 1873 2441 Saniiae
1892 2373 2024 2446 Rome·

406 2463 588 2538 trodniinm
614 2467 680 2558 rsl,
715 2495 749 2540 eo
772 2473 856 2564 qnod
882 2497 920 2543 en
941 2491 1033 2565 parte
1054 2493 1114 2569 pro
1137 2501 1171 2545 n·
1361 2495 1424 2546 nae
1454 2465 1633 2544 Ecclefiae.
1652 2467 1883 2558 Scrinium,
1906 2471 2025 2545 habens

407 2567 466 2640 liis
492 2567 733 2644 intercedimus.
750 2576 798 2642 Et
823 2577 933 2644 amado
951 2571 1056 2648 dictor
1075 2579 1171 2648 Dono
1360 2571 1542 2670 potesintem
1565 2571 1672 2644 dandi
1695 2591 1811 2640 tutores
1833 2572 1880 2642 Ut*
1905 2595 2040 2645 curato·

409 2694 470 2738 nus
505 2673 598 2765 Papa
635 2671 680 2740 Θ·
698 2668 874 2766 sumeffotes
907 2671 1004 2766 esus,
1037 2699 1074 2748 ac
1107 2694 1175 2746 tota
1363 2697 1436 2762 res,
1470 2673 1692 2770 emancipandi
1716 2671 1837 2762 etiam,
1869 2675 2027 2748 decretum

409 2775 563 2845 Romarm
589 2771 731 2856 Ecclesia
755 2774 858 2870 quiete
877 2775 1001 2870 semper
1021 2775 1067 2844 Θ
1087 2775 1176 2870 paci·
1364 2773 1610 2868 interponendi,
1646 2773 1691 2844 Θ·
1727 2771 1883 2844 elimenta
1921 2781 2027 2848 arcer.

401 2867 467 2966 fise
501 2893 681 2960 marceant.
715 2879 764 2948 Et
794 2897 853 2977 pro
880 2877 970 2952 nobes
996 2875 1041 2952 (θ’
1066 2875 1177 2966 nrtslrt'r
1363 2875 1489 2968 nertcli,
1514 2873 1666 2976 complevi
1691 2875 1737 2945 U*
1760 2871 1912 2966 absolvi.

361 3121 365 3128 '
427 3089 439 3114 ’
486 3109 685 3198 Chartuin
713 3111 1068 3226 compromissionis
1096 3112 1358 3228 quorumdem
1399 3091 1667 3197 Domioorurrt
1699 3109 1749 3196 de
1778 3103 1945 3198 Ptiieno'

601 3227 651 3312 de
682 3229 913 3349 venditione
943 3233 1169 3318 Castrorum
1202 3228 1352 3318 Polioni
1380 3233 1419 3315 u
1450 3230 1625 3317 Scrroois
1656 3227 1836 3351 iacienda
1915 3242 1920 3255 '

607 3431 614 3446 ,
665 3412 668 3420 ,
823 3349 1022 3462 Gregorio
1052 3355 1123 3438 IX·
1155 3353 1307 3466 Papae,
1336 3354 1461 3434 Anno
1494 3378 1623 3462 1233·

457 3585 495 3656 N
517 3583 642 3656 termine
666 3583 831 3655 Dominis
853 3611 966 3658 amen.
990 3589 1095 3658 Anno
1118 3587 1170 3656 In·
1202 3581 1426 3672 D'Serronis,
1462 3581 1603 3655 Domino
1633 3590 1746 3680 Papae
1778 3581 1824 3654 Φ·
1856 3587 2025 3654 Romnae

480 3687 1171 3768 corrutionisCbrisiiMCCXXXIII.Port-
1237 3658 1411 3768 iEsclesiae
1436 3684 1614 3774 socienda,
1649 3685 1771 3757 dudum
1805 3683 1916 3758 habito
1940 3681 2021 3754 dili·

405 3785 552 3877 tificnsus
572 3787 707 3856 Domini
726 3785 874 3879 Gregorii
890 3793 1001 3880 Papae
1018 3791 1075 3858 IX.
1096 3789 1171 3857 Art·
1252 3785 1347 3880 genti
1361 3783 1524 3875 trabium,
1543 3785 1654 3879 parati
1670 3782 1768 3878 essem
1779 3783 1938 3884 praediiii
1954 3789 2021 3854 Pa·

407 3915 452 3959 rso
472 3891 527 3958 Vt.
552 3886 664 3978 Mense
677 3887 845 3976 sanuario
862 3887 915 3956 die
938 3891 1094 3960 XXVIII.
1119 3891 1172 3958 In-
1256 3885 1412 3976 lianenses
1437 3889 1481 3959 ad
1505 3887 1713 3960 alienationis
1736 3885 1928 3959 contraiium
1953 3891 2022 3954 Ro·

404 3987 544 4060 dibiione
567 3993 622 4060 Vl.
648 3993 730 4063 Cum
753 3989 838 4060 inter
859 3991 1082 4060 Reverendum
1104 3993 1167 4058 Pa·
1257 4013 1368 4058 manae
1393 3987 1549 4072 Ecclesiae
1568 3988 1771 4080 sortiendum,
1790 3989 1868 4086 quia
1891 4011 1961 4060 tattt
1981 3987 2024 4056 dt

409 4111 491 4161 trem
516 4091 687 4161 Domirncm
714 4091 902 4184 Gregorium
925 4095 983 4164 IX.
1009 4095 1176 4160 Summam
1228 4091 1357 4185 ⁴pretio
1375 4090 1574 4162 venditionis
1593 4093 1689 4184 quim
1705 4093 1748 4162 de
1768 4092 1834 4179 iis,
1856 4116 1936 4183 quoe
1953 4091 2023 4158 Do-

410 4191 597 4278 Pontisiccm
633 4194 679 4262 (ν
703 4193 853 4288 quosdam
881 4193 1035 4264 Dominae
1060 4189 1172 4263 Palia-
1255 4190 1359 4260 minus
1376 4197 1474 4286 <Papa
1490 4189 1557 4274 fibi
1580 4191 1704 4263 nomine
1726 4201 1893 4264 Romanae
1910 4185 2020 4260 Eccle-

407 4290 1172 4384 ni,scilicet1ransmrcndumdeTinilo,Lu·
1248 4290 1318 4375 siae
1343 4293 1514 4378 retineret,
1543 4320 1582 4364 ac
1604 4295 1647 4366 de
1673 4293 1716 4364 iis
1739 4292 1863 4374 etiam,
1891 4315 1972 4384 quae
1996 4290 2022 4360 ὸ

409 4419 478 4466 eam
496 4396 535 4464 de
556 4391 716 4480 Peliam,
740 4399 873 4464 Parum
893 4393 1063 4480 Piniiutn,
1089 4399 1172 4463 Bar·
1257 4399 1404 4464 Romana
1429 4391 1570 4476 Ecclesia
1593 4391 1750 4488 praefatis
1773 4387 2021 4490 Palranerssibttt

408 4496 617 4568 tholomaeum
643 4491 813 4582 Pinblmn,
840 4499 971 4564 Parnm
994 4495 1036 4563 de
1058 4493 1172 4564 Palia-
1186 4485 1232 4555 ,Ε
1253 4496 1486 4566 concederentur
1502 4495 1546 4590 ir
1575 4493 1739 4584 seudum,
1771 4513 1841 4564 erat
1866 4494 2021 4586 maedam

411 4621 472 4687 rto,
487 4597 645 4689 scrobum
663 4596 709 4666 Ψ
728 4601 917 4690 Hungatum
930 4595 1071 4684 fratres,
1089 4599 1174 4666 Tbe-
1253 4593 1411 4684 discordie
1434 4595 1520 4666 iuter
1537 4615 1671 4690 partes:
1690 4597 1829 4668 tanrdcm
1851 4591 2021 4690 Magister

411 4725 497 4772 mam
522 4697 713 4788 Babusum,
738 4704 869 4768 Petrum
895 4698 1063 4787 Vesulum,
1089 4699 1169 4768 Tbo
1255 4695 1398 4773 Boetius
1417 4693 1582 4770 Clericus
1603 4697 1639 4769 δε
1661 4695 1866 4772 familiaris
1891 4690 2020 4765 Domi·

410 4809 532 4872 marum
558 4799 686 4872 Nicoiai
709 4801 748 4870 dr
771 4803 889 4892 Myro,
914 4799 1113 4871 Tbobaldum
1135 4801 1174 4870 de
1257 4796 1291 4870 ni
1324 4801 1460 4890 saoce,
1491 4819 1674 4894 procurator
1697 4799 1820 4872 nomine
1853 4803 2023 4866 Romanae

410 4902 580 4996 Gregorio,
604 4903 647 4970 C?
672 4901 840 4972 Nicolanm
864 4903 1099 4991 blateronum,
1116 4899 1173 4992 su·
1255 4899 1410 4984 Ecclesiae
1431 4901 1477 4972 a'd
1500 4900 1553 4972 bor
1569 4899 1751 4996 specialiter
1774 4895 1956 4990 consisitunt
1978 4919 2020 4966 ert

397 5019 464 5096 per
485 5003 668 5074 venditione
696 5001 736 5072 θ’
760 4993 954 5076 alienatione
976 5003 1074 5072 totins
1093 5023 1170 5096 pao·
1251 5023 1344 5096 parre
1369 5031 1458 5090 rena,
1494 5001 1541 5074 Φ·
1563 4999 1722 5098 praedilli
1748 4995 1956 5088 Palianeus'es
1981 5023 2022 5068 tet
2120 5061 2125 5072 .

409 5103 455 5175 tis
488 5128 590 5178 eorum
621 5103 728 5196 Casiri
757 5107 800 5178 de
833 5104 973 5182 Peliam
997 5103 1043 5175 (⁹¹
1066 5101 1182 5198 Casiri¹
1249 5121 1344 5204 parte
1363 5107 1491 5203 derra,
1515 5102 1714 5181 Dominum
1733 5098 1952 5277 StephaoArrm
1975 5096 2021 5176 dc

1910 5223 1973 5274 rra·
