4628 6148
429 409 657 596 'sigriisisante
683 492 901 593 Praepafieum
935 497 1088 584 ntenjae.
1123 490 1204 560 Me·

440 601 567 698 nagiua
592 623 669 672 eam
697 597 812 674 censet
833 593 1026 696 proseciarn
1043 614 1088 663 ex
1107 590 1199 662 Teu·

439 701 566 775 tonica
590 699 705 793 scete,
724 695 942 800 fignificante
958 698 1116 782 servum,
1131 689 1200 762 Mi·

440 801 594 892 niJirum.
614 801 729 900 Atqui
751 824 822 872 non
848 823 892 870 er
919 821 991 868 uno
1015 794 1128 885 scale,
1148 790 1199 865 ni·

439 902 515 1076 ιιὶἧ
535 901 704 1076 genericq
726 897 902 1074 rqominse,d
921 893 1201 1072 espqurprqtaaequt

438 1027 738 1205 ppscarlthqxqmcg
751 1029 835 1178 ciria
860 1024 984 1176 sensim
1010 1099 1202 1172 immutata

437 1203 478 1282 in
503 1207 684 1302 Sesaaschar
709 1205 881 1306 (ejusque
906 1203 1069 1296 exempla
1093 1199 1200 1274 abun·

436 1305 550 1410 dant)
570 1307 712 1384 tandem
736 1307 826 1402 apud
855 1307 965 1380 Italos
984 1299 1091 1377 evasit
1111 1301 1198 1374 stat·

798 365 1189 490 narratur.
1238 365 1464 462 nanu
1507 368 1682 464 arar

1904 409 1991 466 200

1233 503 1264 572 Α
1286 489 1498 581 falconarii,
1536 497 1701 566 Venatum
1725 493 1796 568 &a
1821 491 2048 580 mmfimua

1268 585 1331 664 ’θ
1350 595 1554 690 paravereda
1577 597 1736 692 accipiant
1759 596 1829 668 &n
1849 597 1949 670 Haec
1974 593 2047 672 uti·

1285 693 1423 869 quebfie
1450 691 1581 868 s'allatii
1609 695 1728 770 Italici
1750 695 2049 818 Ministerialibup

1285 813 1410 972 ttt‘
1431 816 1608 996 ..astiti
1642 799 1873 997 iiiiii.
1903 797 2044 981 istst:
2095 853 2102 866 '

1287 1002 1422 1100 Regum
1443 1000 1916 1099 Francorum,praelaudato
1929 1003 2041 1078 Hinc·

1286 1125 1385 1174 maro
1412 1098 1493 1174 teste
1519 1099 1558 1172 in
1584 1100 1669 1176 Lib.
1695 1098 1739 1175 de
1763 1100 1868 1173 offic.
1890 1103 2042 1194 Palatii,

1283 1201 1465 1292 Praefesiuc
1484 1199 1678 1298 pistoribus.
1703 1202 1892 1276 Ermoldus
1919 1205 2042 1304 Nigei·

1285 1304 1341 1378 lus
1366 1301 1452 1378 Lib.
1477 1333 1514 1398 4.
1542 1304 1585 1378 de
1618 1301 1711 1378 Gesi.
1747 1301 1927 1380 Ludovici
1962 1305 2042 1397 Pii,

437 1435 495 1484 aa.
533 1407 675 1486 voffius
700 1411 735 1482 δι
762 1405 936 1482 Eccardua
961 1409 981 1480 ὲ
1006 1411 1072 1478 San
1098 1399 1196 1504 sgni·
1230 1421 1258 1495 Β
1285 1408 1379 1480 Part.
1405 1407 1454 1478 11.
1480 1402 1593 1480 Tomi
1620 1407 1667 1478 11.
1695 1407 1775 1482 Rer.
1798 1407 1880 1479 ltal.
1899 1403 2043 1484 scribit.

438 1509 570 1588 sitante
602 1517 760 1608 Gregem,
794 1511 831 1584 δι
857 1509 948 1583 scale
981 1503 1200 1608 significante

438 1620 598 1706 Seruum,
625 1610 683 1688 seu
708 1611 932 1705 Praesentem,
968 1606 1198 1708 compositum

464 1731 567 1792 urant
592 1714 842 1808 Seniscalchun.
864 1711 1025 1788 Difficile
1045 1711 1096 1786 eis
1122 1707 1195 1784 sub·

436 1741 611 1908 scribam,
635 1836 741 1920 atque
766 1813 962 1892 accuratius
981 1817 1139 1908 Eryman
1157 1811 1201 1885 ab

439 1919 522 1996 aliia
548 1917 819 2022 exspectandum
846 1917 998 2022 opinor.
1039 1915 1114 1990 Vix
1141 1940 1198 1988 au·

438 2037 513 2100 tem
540 2022 727 2100 dubitandi
754 2025 852 2097 locus
879 2021 947 2112 cst,
971 2017 1059 2118 quin
1078 2019 1113 2090 δι
1134 2019 1199 2090 Re·

440 2147 500 2224 gea
528 2123 676 2216 Italici,
712 2123 748 2196 δι
783 2119 914 2220 reliqui
940 2119 1103 2196 Caesares
1139 2144 1196 2191 no

440 2249 522 2300 men
549 2221 639 2316 boc,
665 2225 701 2299 δι
728 2221 940 2326 dignitatem
960 2221 998 2296 in
1018 2219 1117 2296 suum
1140 2222 1201 2294 Pa·

1282 1609 1438 1700 Piflamm
1452 1618 1566 1684 Petrus
1582 1611 1656 1686 binc
1669 1611 1837 1709 peinceps,
1852 1610 1926 1684 bine
1938 1614 2045 1682 Gaura

1437 1719 1610 1811 Coquerum

1258 1831 1262 1840 ’
1331 1815 1542 1908 Arcelacam,
1557 1815 1679 1908 mensas
1690 1815 1893 1889 ordinemne
1902 1835 2042 1912 parant.

1283 2020 1407 2092 Gunto
1433 2016 1526 2094 idem
1555 2045 1594 2094 ac
1620 2021 1857 2114 seniscalchus,
1876 2033 1915 2092 ut
1933 2043 2040 2117 nuper

1283 2119 1443 2221 ajebam3
1472 2125 1594 2196 Petrus
1621 2129 1705 2197 verb
1728 2123 1885 2211 Pistorum
1899 2121 2042 2215 princepe

1283 2219 1398 2296 suere.
1423 2226 1459 2296 A
1487 2249 1571 2298 vero
1597 2223 1747 2300 minime
1766 2222 1951 2312 abhorret,
1972 2223 2041 2293 Lo·

439 2323 570 2402 latium
610 2325 839 2403 invexerint.
880 2324 1095 2400 Hincmarus
1136 2325 1203 2396 Re·
1225 2321 1440 2418 C'tharium
1476 2351 1617 2422 quoque
1652 2325 1726 2426 ejus
1762 2322 1879 2398 filium
1908 2323 1943 2394 δι
1971 2323 2040 2394 Lu·

439 2425 565 2504 mensis
605 2425 902 2529 Archiepiscopua
943 2424 1037 2500 inter
1071 2421 1202 2498 Officia

439 2529 573 2632 Regiae
600 2535 814 2606 Francorum
841 2527 966 2603 domur
991 2527 1203 2620 Senesealeum

440 2635 551 2708 etiarn
580 2630 753 2710 recenset.
778 2630 964 2704 silentiarii
989 2654 1129 2728 quoque
1149 2626 1202 2702 di·

442 2734 560 2838 gnitas
580 2733 618 2810 in
636 2731 747 2834 Regia
762 2737 976 2808 franeorum
998 2732 1092 2805 Aula
1112 2728 1204 2821 fuit,

440 2852 546 2936 atque
570 2862 613 2911 eo
633 2859 776 2910 munere
802 2831 943 2908 sunaus
970 2829 1039 2908 suit
1059 2829 1203 2907 Saucius

438 2932 1202 3042 Angisbertus,posteaCentulensrsAbbas.

439 3037 605 3114 fortassis
634 3043 685 3116 ita
705 3037 922 3138 appellatur,
949 3035 1013 3136 qui
1039 3033 1078 3110 in
1104 3037 1195 3110 Con·

439 3137 572 3216 iiiiorio
591 3139 680 3240 Regi
695 3139 860 3214 assidebat
876 3139 918 3212 ad
938 3135 1201 3211 deliberandum

1285 2425 1454 2500 doricum
1483 2429 1528 2499 Is.
1554 2430 1629 2529 ejus
1654 2441 1843 2526 nepotem,
1870 2419 2043 2540 Augustos

1286 2525 1370 2599 haec
1405 2525 1524 2603 eadem
1563 2526 1753 2603 ministeria
1788 2525 1828 2600 in
1863 2520 2042 2598 Tictnensi

1289 2627 1428 2701 Palatio
1454 2629 1684 2706 constituisse.
1712 2633 1835 2728 Atque
1857 2624 1951 2702 idem
1972 2627 2044 2700 Lu·

1286 2727 1433 2803 dovicus
1461 2731 1543 2806 Pius
1572 2736 1768 2832 Imperator
1802 2729 1845 2802 ab
1878 2725 2045 2801 Astrooo·

1286 2853 1347 2904 mo
1373 2832 1550 2918 scriptore
1576 2834 1650 2933 ejus
1676 2833 1785 2906 Vitae
1820 2827 1953 2902 dicitur
1979 2825 2045 2902 mi·

1286 2928 1358 3006 fisse
1392 2929 1431 3005 in
1467 2932 1610 3007 Italiam
1645 2935 1756 3005 Anno
1791 2929 2044 3004 Dcccxxn.

1286 3029 1500 3108 Lotbarium
1537 3031 1683 3124 filium,
1719 3033 1754 3106 a
1792 3056 1860 3106 una
1895 3055 1976 3104 cum
2003 3053 2045 3102 eo

1286 3135 1473 3207 Gerunn'um
1491 3135 1679 3224 ostiarium.
1706 3134 1779 3210 Hic
1805 3131 1849 3205 ab
1874 3129 2045 3234 Eginhar·

439 3240 482 3316 de
494 3239 609 3341 Regni
620 3239 796 3412 nqgotiis,
813 3256 873 3312 aut
884 3237 925 3310 ad
936 3236 1140 3312 confistorii
1152 3234 1197 3310 so·
1227 3259 1260 3330 D
1286 3233 1333 3308 do
1352 3237 1549 3337 appellatur
1566 3236 1770 3325 ostiariorum
1788 3233 1968 3328 Megisten
1994 3245 2045 3304 at·

439 3367 494 3418 res
518 3339 629 3417 custos
667 3339 831 3414 ilentium
856 3336 982 3412 aulicis
1005 3335 1203 3412 indicebat.
1287 3363 1355 3436 que
1382 3327 1468 3411 arico
1495 3336 1692 3412 Praefectus
1718 3333 1877 3410 Ostiariis
1915 3329 2044 3406 Palati·

490 3441 552 3519 Ad
578 3441 663 3516 baec
690 3439 762 3517 sere
788 3455 922 3514 certum
951 3437 1114 3531 videtur,
1136 3441 1197 3516 mi·

439 3543 537 3623 aime
563 3540 770 3620 desideratos
797 3540 896 3617 fuisse
923 3539 961 3616 in
990 3540 1120 3614 Italico
1140 3545 1201 3617 Pa·

439 3647 567 3739 satio,
612 3645 675 3748 qui
721 3642 916 3718 venationi
957 3643 994 3715 δι
1034 3641 1202 3744 Aucupio

441 3749 652 3852 praeessent.
689 3746 875 3820 Falcunarii
900 3746 935 3818 δι
964 3749 1132 3817 Vanam.
1158 3743 1203 3819 iis

440 3875 573 3926 nomen
608 3867 706 3924 erat.
741 3851 907 3944 Quatuor
945 3843 1045 3922 suine
1081 3845 1204 3922 scribit

441 3951 659 4028 Hincmarus
694 3949 732 4024 in
770 3953 985 4023 francorum
1021 3949 1118 4023 Aula
1146 3953 1201 4020 Ve-

441 4075 585 4142 nareres,
621 4077 729 4128 unum
757 4051 1005 4125 falconarium.
1042 4051 1083 4124 sn
1119 4047 1199 4147 Epi·

1287 3437 1375 3528 nis,
1414 3437 1542 3538 quibus
1583 3459 1677 3514 certe
1711 3432 1908 3513 Ticinenfis
1948 3433 2044 3506 Aula

1288 3565 1508 3638 nequaquam
1536 3542 1712 3618 caruerit.
1738 3539 1888 3628 ostiarios
1913 3533 2044 3610 Palatii

1285 3639 1483 3716 Ticinensn
1522 3639 1614 3716 infra
1654 3659 1868 3720 memoratos
1908 3635 2044 3712 videbis

1286 3743 1324 3816 in
1362 3746 1457 3843 Lege
1492 3748 1556 3817 IX.
1593 3741 1763 3818 Ratcbisri
1802 3739 1933 3842 Regis.
1967 3745 2046 3812 Ger·

1285 3845 1421 3918 wardur
1445 3844 1554 3920 etiam
1578 3845 1705 3920 Palatii
1723 3843 1990 3918 Bibliotheearius
2007 3839 2047 3917 in

1287 3948 1381 4020 Aula
1407 3939 1587 4021 Ludo'vici
1615 3945 1674 4020 Pii
1706 3943 1853 4046 Augusti
1890 3968 2048 4019 comme·

1287 4065 1445 4122 moratur
1469 4047 1512 4120 ab
1538 4045 1660 4121 eodem
1680 4046 1885 4146 Egiuhardo
1903 4050 1991 4136 Cap.
2012 4045 2049 4118 ό.

441 4153 529 4234 stola
555 4153 680 4229 Caroli
706 4153 833 4254 Magni
861 4150 904 4226 ad
933 4149 1124 4251 Pippinum
1164 4147 1201 4224 fi·
1227 4164 1254 4234 Ε
1286 4147 1933 4248 OpuseusideTranslat.Sansiorum
1950 4148 2050 4218 Mar-

442 4253 535 4330 lium
574 4252 698 4328 ltaliae
732 4256 891 4354 Regem,
928 4277 1033 4351 quam
1070 4249 1201 4326 editam

439 4353 550 4432 babes
578 4357 672 4428 Part.
700 4357 747 4428 11.
774 4357 882 4428 Tom.
909 4355 937 4428 1.
965 4357 1045 4428 Rer.
1065 4351 1203 4427 Italica·

443 4484 524 4536 nam
548 4479 629 4566 pag.
669 4479 751 4530 rra.
787 4455 882 4544 inter
916 4457 1030 4564 Legae
1065 4457 1201 4556 Lango-

1288 4249 1472 4323 celsini&
1501 4248 1622 4324 Petri.
1658 4253 1769 4324 Erant
1803 4250 1837 4319 bc
1876 4243 2049 4320 Romanis

1290 4349 1522 4426 Pontificibus
1565 4351 1697 4440 Qsiarii
1738 4349 1777 4424 ia
1822 4343 2049 4422 Lateranensr

1290 4453 1453 4528 Palatio:
1491 4455 1597 4552 atque
1623 4451 1665 4524 ad
1690 4475 1750 4526 eoa
1777 4447 1909 4547 spectat
1936 4449 2050 4522 Char·

444 4558 626 4649 barbitae,
653 4555 738 4632 baec
765 4557 836 4632 aste
867 4557 1023 4629 Pervenit
1047 4559 1092 4628 ad
1116 4583 1220 4628 auree
1290 4572 1350 4647 ta,
1391 4581 1497 4654 quam
1532 4561 1552 4629 ὲ
1589 4549 1734 4654 Regesto
1765 4547 1882 4626 MSto
1918 4547 2049 4626 Cencii

444 4661 627 4736 esememiae
653 4661 797 4762 nostrae,
833 4665 915 4756 quod
949 4658 1051 4754 aliqua
1077 4663 1182 4730 Duces
1195 4620 1219 4767 ‚f
1287 4657 1483 4732 Camerarii
1510 4652 1747 4760 descriptam,
1773 4652 1853 4732 heic
1878 4651 2050 4754 evulgan-¹

445 4765 492 4833 θ’
517 4761 816 4854 mansuescere,
841 4756 1031 4848 castaldii,
1060 4759 1205 4850 Vrearii,
1287 4757 1368 4834 dam
1394 4756 1539 4836 censui.
1625 4769 1629 4776 '

447 4861 494 4946 0?
517 4861 723 4958 emanarit,
742 4859 801 4956 sere
822 4857 938 4964 reliqui
955 4776 1222 4958 sisinilscriases]
1283 4935 1287 4944 ,
