4534 6164
465 461 558 573 '591'
782 445 1175 567 ANTIQUIY.
1235 443 1464 538 MEDII
1518 445 1693 540 ARV!
1883 486 1968 575 592

429 708 648 802 Ftidericus
676 713 711 798 1.
740 708 1102 828 ungasaiwanins
1130 713 1234 802 bona
1265 713 1305 796 ἃ
1335 707 1419 824 jura
1451 681 1569 800 Inoni
1599 711 1749 802 Abbati
1780 717 2017 812 Monssterii

680 833 720 918 S.
751 832 907 922 Mariae
937 835 987 923 de
1017 833 1191 922 Locedio
1220 830 1464 945 confirmet,
1487 836 1611 920 Anno
1646 861 1771 948 ¹¹59·

405 1073 494 1263 IN
513 1073 638 1149 nomine
659 1073 798 1150 Sauliae
819 1079 864 1150 θ
882 1077 1075 1153 individuae
1097 1077 1168 1151 Tri·
1202 1079 1238 1152 A
1263 1077 1308 1150 (9·
1337 1078 1528 1176 generaliter
1561 1075 1720 1175 quidquid
1753 1077 1784 1150 ei
1811 1077 1854 1168 eli
1876 1082 2030 1158 dunarum

480 1177 617 1252 uitatis.
656 1177 859 1255 fredericus
893 1183 1011 1254 diutina
1034 1181 1174 1271 *savente
1262 1208 1285 1255 a
1310 1179 1521 1254 Moschione
1556 1177 1847 1274 montisferrati,
1873 1185 1916 1256 ai
1946 1187 2030 1285 Epi·
2158 1209 2161 1214 ·

408 1281 572 1355 elementra
598 1285 838 1357 Romanorum
868 1286 1062 1376 Imperator
1088 1281 1172 1356 sern-
1258 1283 1350 1380 scepo
1375 1283 1558 1368 Vercellensi
1569 1337 1580 1372 ,
1602 1303 1660 1352 aut
1681 1283 1723 1355 ab
1745 1283 1823 1355 eliis
1842 1286 2028 1384 Episcopit‚

407 1407 470 1482 per
493 1381 689 1480 Augustus.
711 1385 848 1455 Noverit
870 1385 1083 1477 universorum
1105 1406 1172 1456 tam
1258 1384 1315 1477 seu
1332 1383 1491 1476 fidelibus
1514 1387 1666 1456 donatum
1698 1403 1756 1455 aut
1775 1383 1862 1479 juste
1895 1388 2030 1484 aequisi-

399 1485 704 1582 sntutorum,qudm
717 1487 927 1582 praesentirem
945 1485 1075 1560 Domini
1086 1486 1170 1578 Dei,
1264 1506 1350 1558 tum.
1385 1484 1617 1578 confirmamus
1641 1486 1739 1558 etiam
1773 1487 1874 1560 eidem
1908 1493 2030 1564 Mona.

405 1613 443 1659 ut
458 1587 660 1680 sacratissimi
683 1590 813 1684 Imperii
836 1590 932 1677 neslti
949 1588 1100 1679 fidelium
1116 1589 1169 1681 sa·
1257 1587 1354 1674 sierio
1381 1586 1522 1680 insulam
1551 1587 1699 1684 oggerii.
1736 1588 1866 1684 insuper
1886 1589 1944 1684 jus
1975 1595 2029 1690 pi.

400 1687 547 1786 garitae,
574 1691 722 1785 mornado
756 1717 811 1762 nor
841 1714 899 1789 pre
935 1690 1066 1762 remedio
1100 1689 1171 1762 ani·
1257 1689 1373 1782 scandi
1397 1717 1433 1762 aa
1458 1690 1644 1788 navigandi
1665 1690 1702 1760 in
1718 1687 1860 1782 flumine
1876 1694 1967 1765 Pado
1979 1695 2028 1782 fi·

404 1817 474 1862 mae
500 1788 641 1882 nasim,
667 1819 704 1865 aa
725 1793 883 1890 petitione
916 1792 1038 1866 isonis
1067 1817 1171 1864 vene·
1265 1817 1303 1861 ne
1328 1789 1573 1863 contradiiiiene
1598 1792 1642 1861 Θ
1667 1791 1781 1889 absque
1814 1792 1952 1884 tritura,
1989 1825 2028 1870 ae

405 1891 530 1966 rabilis
551 1891 704 1966 Abbatis
728 1894 935 1970 Monasterii
956 1899 1084 1968 Bootae
1104 1890 1172 1966 Dei
1261 1913 1431 1988 pestutum
1445 1894 1663 1986 Vercellensem
1679 1892 1901 1991 Episcopatum
1919 1899 2028 1971 amnia

404 1992 602 2068 Genirricis
622 1994 782 2084 Mariae,
802 2000 885 2093 quod
902 1995 1099 2072 Locedium
1118 1995 1169 2066 di·
1202 2000 1230 2070 B
1260 2017 1369 2090 pecora
1397 1994 1460 2084 sua
1484 1994 1632 2092 pascendi
1662 1993 1719 2087 ius
1752 1997 1783 2066 ri
1816 1997 2025 2074 concedimur.

404 2094 509 2184 cunr,
528 2093 630 2192 ipsum
648 2095 878 2184 Monaslerium
898 2098 1085 2186 lucedium,
1104 2123 1172 2167 aunt
1262 2094 1441 2185 Praesentis
1466 2096 1567 2194 igitur
1589 2097 1730 2193 paginae
1748 2096 1912 2189 sanliione
1932 2121 2026 2195 prae.

404 2197 550 2267 amnibus
576 2196 658 2268 inibi
679 2197 934 2294 praesentialiter
961 2199 1097 2270 Domino
1117 2197 1170 2287 sa·
1262 2197 1413 2295 cipimus,
1440 2217 1478 2268 us
1502 2197 1612 2268 nullus
1636 2198 1917 2294 Arabieprseopus,
1942 2203 2027 2298 Epi.

406 2297 626 2388 metientibus,
650 2319 708 2370 aut
735 2297 770 2370 in
790 2298 903 2389 sutum
922 2297 1112 2390 servituris,
1136 2325 1170 2369 u·
1256 2298 1387 2396 scupus,
1414 2305 1512 2385 Dure,
1549 2296 1715 2386 Matthia,
1746 2305 1876 2390 Comes,
1907 2303 2027 2376 Vitrea·

404 2396 598 2496 niversisqne
618 2394 871 2495 possesionibus,
897 2426 977 2496 quas
1007 2418 1065 2471 aut
1091 2425 1173 2472 nunt
1260 2427 1343 2491 mes,
1370 2400 1463 2474 nulla
1487 2397 1720 2487 Ecclestaslita,
1748 2399 1930 2492 Laitalisve
1952 2427 2025 2500 per.

402 2501 444 2574 de
464 2497 539 2595 surr
568 2501 724 2599 possidet,
748 2521 808 2576 aut
843 2503 876 2574 in
898 2502 1045 2594 surarum
1074 2499 1172 2596 sullis
1253 2501 1357 2594 sana,
1380 2507 1493 2600 parua
1518 2499 1575 2593 seu
1608 2526 1746 2594 magna,
1772 2499 1867 2590 husus
1902 2508 2024 2591 naslrae

404 2602 506 2674 neda
540 2603 697 2699 acquirere
727 2604 891 2700 potuerit,
922 2605 956 2674 in
992 2603 1174 2700 Imperialis
1254 2601 1399 2697 jussionis
1412 2603 1572 2690 siatutum
1595 2601 1867 2698 transgrediatur,
1893 2625 1950 2676 aut
1965 2606 2025 2698 su·

403 2699 613 2777 Proteiiionis
653 2709 787 2778 tutelam
826 2705 1009 2802 recipimus.
1046 2701 1170 2794 Confir-
1259 2703 1429 2800 presumpta
1448 2703 1576 2774 Leeedii
1598 2701 1793 2790 Manasierio
1815 2703 1956 2800 aliquam
1977 2707 2030 2779 in.

403 2823 527 2877 manns
544 2805 643 2878 eidem
666 2807 882 2899 Manaslerio,
900 2833 938 2881 ae
959 2805 1063 2893 noslra
1079 2827 1170 2900 prae·
1258 2805 1343 2894 serre
1363 2805 1545 2902 praesumat
1568 2803 1779 2894 violentiam,
1803 2827 1862 2876 aut
1883 2807 2031 2903 personas

402 2906 540 3003 ceptione
573 2907 750 2980 munientes
784 2909 942 3008 quidquid
968 2907 1100 3004 possidet
1135 2907 1171 2978 in
1198 2902 1231 2974 C
1264 2904 1332 2998 ejus
1368 2904 1482 2999 iususle
1512 2909 1708 3002 gravando,
1736 2906 1812 2993 seue
1841 2904 2030 3004 posseffiauer

402 3010 624 3106 stadegarda,
649 3009 696 3081 θ
719 3014 818 3084 Curta
842 3008 1060 3103 Montisatioli
1089 3007 1170 3082 inte·
1264 3007 1451 3081 minuenda.
1478 3007 1627 3104 Quodsi
1648 3009 1719 3108 q'uis
1742 3007 1796 3082 boc
1819 3009 1938 3099 nosltae
1960 3038 2029 3083 eort-

399 3110 571 3210 greliter;
595 3111 641 3183 <9⁹
664 3113 824 3212 quidquid
848 3111 981 3211 poffidet
1007 3110 1043 3182 in
1068 3107 1170 3202 Stafi·
1257 3109 1440 3196 stitutionis
1480 3110 1639 3184 Elisium
1677 3109 1868 3208 insurgerit,
1907 3135 2030 3186 tentum

404 3213 442 3286 la
466 3232 534 3285 tant
558 3233 698 3304 terram,
722 3219 818 3312 quint
842 3239 988 3312 aquam
1012 3212 1057 3283 θ’
1076 3211 1170 3308 quid·
1264 3211 1379 3285 Libras
1412 3213 1485 3285 auti
1518 3212 1630 3309 optimi
1668 3234 1843 3307 componere
1875 3236 2028 3309 rogatur,

401 3312 484 3410 qnid
505 3315 636 3410 possides
670 3314 706 3387 in
736 3312 911 3408 Matasio,·
936 3315 981 3386 Θ
1011 3313 1174 3412 ¹quidquid
1263 3315 1461 3386 medietatem
1486 3317 1605 3398 noslrae
1632 3317 1804 3402 Camerae,
1830 3318 2029 3388 audieratetn

403 3433 492 3488 tenet
514 3414 548 3488 iu
571 3416 708 3489 Corneli
727 3444 795 3490 eum
817 3417 883 3516 ipso
904 3415 963 3510 usu
983 3439 1086 3514 aquae
1098 3414 1171 3508 flu·
1264 3420 1340 3506 ueri
1360 3413 1598 3512 praenominata
1620 3412 1772 3480 curtabit
1793 3412 2030 3502 persoluturus.

403 3515 503 3590 ruinis
527 3517 646 3608 Padi,·
670 3519 716 3590 θ’
739 3519 896 3620 quidquid
919 3537 1005 3590 teuet
1030 3517 1067 3589 itt
1088 3522 1170 3589 Cut-
1265 3522 1306 3588 Ut
1328 3535 1432 3586 numm
1452 3510 1580 3607 plenius
1600 3509 1674 3582 haee
1696 3505 1815 3594 noslrae
1836 3512 2028 3604 praeceptio·

404 3637 438 3690 te
471 3620 690 3714 Mantisraloi
700 3649 722 3712 ,·
750 3624 795 3694 Ο·
828 3621 985 3720 quidquid
1018 3640 1102 3692 tenet
1136 3617 1171 3688 in
1244 3614 1315 3684 tuis
1335 3613 1461 3710 pagina
1487 3609 1628 3682 omnibus
1650 3607 1857 3701 subsecuturis
1880 3614 2031 3708 tempori-2

404 3725 504 3791 eune
538 3722 721 3795 Sarmatiae
747 3751 785 3795 ert
818 3722 1002 3795 venditione
1026 3714 1172 3794 Abbatis
1264 3717 1321 3787 bus
1346 3735 1420 3786 rata
1442 3713 1487 3785 (θ’
1511 3707 1683 3805 inreneuffa
1704 3730 1908 3807 permaneas,
1932 3740 2030 3788 manu

404 3817 522 3892 sande·
546 3822 702 3917 Syllani,
728 3825 774 3895 Θ
802 3821 1027 3899 Moschionis
1052 3819 1097 3894 de
1122 3821 1172 3892 O·
1201 3829 1237 3898 D
1261 3815 1395 3914 proptia
1419 3843 1488 3888 earn
1510 3816 1687 3887 uolutantes
1704 3809 1818 3910 sigillo
1838 3811 1939 3903 nrslro
1958 3814 2030 3912 sus·

408 3917 592 4015 timiooo,
617 3926 798 4001 nataliter
826 3926 944 4001 ibidem
970 3920 1177 4025 acquistvit;
1260 3917 1362 4006 fimus
1386 3915 1559 4015 insigniri.

247 4135 255 4144 “
404 4126 545 4228 Signrtrn
566 4127 705 4208 Deretini
1158 4123 1323 4201 frederici
1346 4129 1562 4207 Romanorum
1585 4119 1786 4220 imperatoris
1811 4117 2030 4222 inuiiliffirni.

910 4715 968 4866 ἶ,
1348 4743 1452 4814 latur
1474 4734 1591 4840 stgtttt
1614 4739 1660 4833 ὅ·
1684 4731 1865 4837 deperditi.

455 4949 533 5044 tgr
559 4944 749 5022 Ruinaldur
773 4941 995 5018 cancellatas
1018 4939 1204 5036 recognovi.

421 5101 426 5109 -
454 5056 589 5149 Quarto
612 5049 694 5124 Kal.
721 5045 916 5135 Februarii,
941 5053 1044 5120 Auno
1065 5043 1251 5118 Dominicae
1274 5045 1508 5122 incarnationis
1532 5047 1709 5136 Millefirno
1727 5039 1900 5128 Centefimo
1925 5039 2035 5138 ,Quiu-

510 5177 617 5251 quage
630 5176 692 5223 emo
718 5154 833 5238 Nono,
860 5146 1038 5222 iudiiiione
1062 5135 1138 5222 isli.
1163 5151 1267 5224 Anno
1293 5150 1428 5223 Domini
1455 5150 1618 5223 Frederici
1642 5157 1859 5222 Romanorum
1893 5147 2034 5242 Impera·

509 5253 590 5323 rotis
616 5251 727 5347 Regni
756 5256 833 5323 utu·
856 5249 986 5348 imperii
1011 5251 1068 5322 IV.

462 5353 590 5431 asilum
615 5363 701 5450 apud
727 5353 925 5428 Ouinianunr
953 5353 987 5427 iu
1015 5347 1137 5424 nornine
1162 5353 1297 5456 Domini
1317 5351 1473 5448 feliciter.
1499 5355 1629 5429 omnen.
