4532 6154
493 421 584 540 '679‘

805 419 1195 541 anrrourr.
1243 417 1683 510 mostratur

1899 432 1986 517 680

430 533 535 616 ficem
570 539 798 631 Maximum,
833 539 898 640 qui
933 541 1017 617 Lib.
1043 567 1081 640 4.
1116 537 1193 616 Ind.
1223 542 1259 613 Α
1286 537 1546 640 intelligimus,
1574 563 1680 638 quare
1706 535 1913 613 Bonifatius
1938 547 1983 615 ll.
2005 569 2049 619 u.

434 638 558 714 12.-in
592 641 748 738 Epistola
780 665 843 738 47.
869 640 1020 717 edition.
1047 640 1194 720 benedi·

429 737 518 814 etin.
544 739 587 816 ad
614 742 844 816 Sabinianum
872 743 1073 820 Diaconum
1093 749 1192 848 Apo·

429 839 613 916 crisarium
641 838 740 917 suum
766 843 1078 946 Constantinopoli
1105 850 1193 922 cele·

427 939 580 1016 bemima
605 941 671 1017 illa
698 947 804 1020 verba
841 945 983 1022 scribit:
1011 949 1051 1020 Si
1076 974 1131 1045 ego
1158 949 1192 1020 in

426 1061 523 1114 morte
548 1048 828 1141 Langobardorum
853 1077 902 1122 me
927 1049 1049 1144 miscete
1072 1052 1188 1140 votat]-

418 1141 508 1236 sem,
531 1145 622 1218 bodt't
646 1153 924 1246 Langobardorum
943 1179 1023 1250 geras
1048 1181 1101 1224 tter
1124 1161 1189 1224 Re-

420 1269 503 1342 ges,
522 1271 575 1319 nee
598 1253 722 1342 Dares,
746 1277 799 1324 ose
816 1253 954 1326 Comiter
976 1257 1121 1342 baberet,
1140 1276 1189 1326 at·

424 1369 484 1444 que
521 1343 591 1444 effer
631 1350 665 1420 its
694 1351 820 1443 summa
854 1355 1027 1446 rossufione
1060 1355 1190 1446 divisa.

426 1448 572 1525 Paullus
587 1476 728 1550 quoque
744 1452 919 1530 Diaconos
934 1456 1016 1532 Lib.
1028 1459 1092 1530 ΙΙΙ.
1101 1460 1190 1552 Cap.
1220 1445 1246 1516 Β

424 1549 489 1622 lx,
515 1551 668 1624 Comitem
704 1559 983 1653 Langobardorum
1016 1559 1190 1654 Anagnino

424 1671 702 1730 commemorat.
739 1660 847 1732 Erant
877 1685 960 1762 ergo
985 1662 1021 1734 bt
1048 1664 1181 1762 Longo·

423 1751 542 1828 bardis
561 1752 612 1832 sui
638 1757 800 1832 Comites:
824 1759 936 1836 immo
955 1787 1075 1836 eorum
1100 1788 1182 1858 quo·

421 1877 493 2028 que
512 1855 732 1934 mentionem
755 1859 867 1936 fecere
885 1862 1051 1938 nonnulli
1071 1891 1115 1938 ex
1135 1863 1185 1948 in·

449 1979 464 2028 s
502 1958 657 2058 Regibus
693 1963 961 2062 Langobardis,
997 1965 1051 2039 uti
1088 1965 1186 2041 varia

420 2051 569 2132 illorum
593 2059 800 2144 Diplomata
820 2063 863 2136 ab
883 2065 1076 2166 Ugbellio,
1090 2071 1184 2142 Mar·

422 2155 568 2272 garino,
588 2159 622 2232 δι
643 2163 798 2256 Campio
817 2167 981 2264 evulgata
1000 2165 1185 2260 testantur,

420 2257 604 2354 inquibus
625 2257 708 2336 haec
728 2259 881 2339 formula
894 2267 1069 2342 occurrit:
1087 2275 1182 2342 Prae·

1287 639 1317 714 ti
1346 639 1510 732 viderur,
1548 644 1631 716 Dux
1658 637 1832 734 Tusciae,
1867 641 1904 714 bt
1931 643 2049 716 Corsa.

1285 767 1346 816 cae
1373 741 1592 833 Praeseslua,
1615 767 1727 842 quum
1755 744 1866 816 Anno
1894 745 2047 821 DCCC·

1285 847 1454 918 xxvltl.
1494 843 1760 930 expeditionem
1801 842 1840 917 in
1880 841 2045 920 Africam

1283 942 1453 1048 suscepit,
1480 947 1611 1039 Tusciae
1633 949 1770 1018 Comites
1795 941 1910 1050 secum
1938 945 2045 1023 addu·
2084 1015 2089 1022 .

1282 1045 1398 1121 xerit.
1435 1048 1621 1140 Bonifarius
1652 1052 1762 1120 Comes
1786 1043 1866 1144 (ita
1900 1044 1940 1120 io
1965 1051 2045 1122 An.

1282 1149 1421 1222 nulibus
1448 1148 1669 1248 Eginbarti)
1694 1143 1826 1242 affusus
1845 1147 1951 1241 seeum
1970 1148 2042 1240 fra·

1283 1271 1329 1321 ere
1356 1250 1561 1343 Beretbario,
1597 1251 1641 1322 Θ·
1664 1249 1743 1322 aliis
1763 1249 1955 1347 quibusdam
1980 1257 2043 1324 Co·

1281 1351 1412 1424 mitibus
1446 1354 1488 1425 de
1528 1351 1644 1444 Tuscia
1677 1353 1748 1425 &a
1788 1351 1824 1422 its
1862 1352 2043 1450 asspbrirarts

1280 1453 1427 1540 trajecit.
1454 1451 1595 1527 Similia
1620 1452 1879 1527 animadvertas
1906 1453 1944 1526 in
1972 1457 2044 1532 Le·

1279 1579 1320 1655 ge
1347 1556 1448 1629 LVI.
1475 1553 1570 1630 inter
1596 1553 1880 1656 langobardicas
1905 1555 2044 1631 Lorha·

1279 1653 1325 1729 rii
1355 1657 1383 1730 1.
1414 1659 1661 1756 Imperatoris,
1698 1655 1758 1731 ubi
1794 1655 1879 1730 haee
1905 1659 2040 1732 verba:

1278 1758 1444 1854 Postquam
1468 1763 1597 1852 Comes,
1633 1761 1678 1830 o
1699 1758 1871 1855 pagenses,
1896 1759 1938 1830 de
1962 1785 2041 1857 qua·

1275 1858 1353 1931 libet
1378 1861 1573 1956 expeditione
1606 1859 1711 1948 bofliii
1745 1857 1860 1944 rewrfi
1887 1859 2038 1954 samin,

1275 1985 1313 2030 ea
1336 1988 1374 2032 ea
1400 1963 1454 2033 die
1486 1983 1543 2058 per
1578 1967 1650 2034 XL.
1686 1959 1787 2033 nobles
1816 1959 1863 2044 fis
1897 1962 2037 2034 bmmm

1275 2059 1445 2156 resciffum.
1487 2059 1722 2136 Consulamus
1761 2087 1854 2134 nunc
1898 2066 2036 2163 Regum

1277 2162 1587 2262 Langobardorum
1609 2167 1742 2268 Leges.
1766 2166 1936 2238 intereas
1957 2167 2037 2242 Lex

1277 2267 1406 2337 xxrx.
1447 2263 1662 2352 Liutprandi
1706 2263 1813 2366 Regis
1848 2265 1928 2340 Lib.
1966 2269 2032 2340 Vl.

420 2357 572 2454 ripientes
606 2363 749 2436 omuibus
785 2369 949 2460 Ducibus,
984 2371 1183 2460 Comitibsu,
1214 2369 1246 2442 C
1275 2362 1478 2462 praescribit
1505 2367 1707 2458 judicibus,
1742 2385 1831 2465 quot
1870 2363 2032 2442 homines

420 2457 620 2552 Gestaldis's,
645 2465 702 2536 uei
726 2465 933 2542 Abiiorariis
968 2469 1080 2554 nolitis
1114 2475 1183 2546 &a

419 2559 503 2636 Sive
530 2560 614 2638 ltaec
641 2567 771 2643 altera:
798 2573 840 2642 Ut
863 2571 973 2644 mulius
998 2578 1097 2663 Due,
1122 2579 1167 2645 Co

419 2687 511 2754 oses,
546 2664 758 2760 Gastaidrus,
792 2670 848 2742 oei
881 2672 1095 2746 Adiosarias
1130 2688 1178 2745 mo!

414 2759 482 2852 Iler
506 2765 575 2840 os.
602 2767 671 2844 Sub
696 2770 856 2844 Comitum
881 2773 1026 2848 nomine
1054 2773 1175 2848 Retro.

418 2889 472 2938 res
498 2866 649 2944 Urbium
671 2867 858 2972 significari
884 2875 1020 2972 prorsus
1040 2875 1178 2951 creden·

418 2962 500 3040 dum
529 2967 595 3044 esi.
624 2973 775 3048 Nullum
802 2973 912 3050 iniis
947 2975 1112 3052 formulis
1137 2977 1179 3054 de

1272 2469 1306 2539 dt
1334 2492 1442 2566 equos
1467 2465 1506 2542 in
1540 2467 1723 2545 servitium
1762 2466 1859 2543 suurn
1887 2467 2035 2544 adduce·

1272 2593 1308 2642 re
1334 2569 1505 2661 debeant,
1540 2577 1667 2668 quando
1702 2571 1736 2642 iss
1762 2571 1895 2643 exrcitu
1918 2575 2030 2643 ambu-

1270 2669 1363 2740 landi
1387 2671 1545 2764 seeeffiras
1564 2669 1685 2762 funis.
1725 2671 1909 2746 Nimirum
1944 2673 2030 2747 lice·

1273 2771 1331 2842 bat
1358 2772 1550 2870 unicuique
1566 2773 1686 2864 judici
1711 2772 1768 2848 sex
1797 2771 1957 2849 homines
1976 2773 2037 2849 di·

1270 2870 1410 2948 mittere
1436 2874 1562 2966 domi,
1598 2901 1719 2948 eorum
1748 2901 1832 2950 vero
1857 2877 1958 2978 equis
1984 2877 2028 2950 ad

1272 2971 1329 3046 sua
1354 2973 1542 3048 commoda
1569 2975 1644 3050 uti.
1672 2981 1719 3048 Er
1744 2979 1862 3051 tollant
1888 2979 1931 3052 ad
1955 2979 2029 3070 sau·

408 3069 585 3158 Judr'cibgs
613 3073 780 3166 verbum,
807 3077 1091 3178 quandoquidem
1120 3106 1178 3180 ψ.
1271 3101 1338 3146 Μ’
1366 3075 1445 3169 suas
1471 3077 1552 3174 ipsos
1585 3079 1737 3152 Cabasslll
1767 3078 1842 3170 sex.
1884 3080 2030 3156 biblicae

418 3169 612 3268 pellatione
639 3177 798 3248 Comitum
825 3179 1108 3280 defignabantur.
1272 3175 1369 3250 vocis
1403 3186 1499 3250 svm
1536 3178 1712 3279 originem
1750 3180 1829 3254 heic
1865 3181 2029 3256 lutum·

471 3273 639 3349 Alterum
667 3277 825 3349 amisum
852 3307 979 3356 munus
1013 3281 1116 3358 snum
1143 3311 1175 3358 ς.
1208 3275 1242 3344 Ι)
1272 3281 1324 3352 De
1350 3277 1497 3377 reliquis
1525 3279 1729 3358 hominibus
1755 3307 1847 3380 equo
1875 3281 2028 3358 carenti·

415 3387 472 3442 rat
510 3370 550 3445 in
592 3373 811 3454 Praeseblura
849 3381 1035 3468 Militiae,
1071 3410 1175 3484 quam
1269 3381 1331 3454 bus
1356 3377 1476 3454 decem
1502 3399 1642 3456 tantum
1678 3383 1852 3456 immunes
1879 3386 1899 3456 l
1926 3381 2026 3456 mili·

416 3493 481 3570 pro
522 3469 579 3549 sua
619 3476 766 3578 quisque
805 3483 974 3584 regione,
1013 3485 1049 3558 be
1090 3485 1175 3562 belli
1269 3480 1318 3554 tia
1345 3479 1485 3556 dimitti
1521 3501 1704 3582 volemis
1741 3482 1801 3578 ‘1¹¹i
1838 3483 1886 3553 ‘s
1919 3480 2022 3576 ‘'Ps‘m

416 3573 618 3652 necessrtate
644 3581 804 3678 regebat.
843 3589 883 3659 ln
910 3613 953 3658 eo
979 3603 1098 3660 tamen
1123 3585 1173 3659 os·
1257 3583 1408 3674 Iudicem
1441 3583 1562 3671 susm
1592 3606 1649 3681 Per
1676 3581 1900 3654 i‘bsms‘m
1925 3607 2023 3652 “m

411 3669 500 3748 ficio
537 3677 733 3776 pendebant
767 3682 830 3772 ipfi
857 3688 876 3758 l
904 3685 1073 3786 superiori
1108 3686 1171 3759 im·
1265 3705 1372 3780 operar
1397 3705 1485 3775 tm,
1519 3685 1612 3782 usqu
1644 3687 1720 3757 dm
1756 3683 1820 3782 ''Ps‘
1846 3684 1959 3776 We*
1983 3685 2026 3754 ‘s‘

415 3773 515 3870 perio
550 3783 652 3848 Ducis
685 3781 861 3878 alicujus.
900 3789 1055 3886 Legatur
1090 3785 1170 3860 Edi·
1265 3785 1398 3857 exercitu
1424 3807 1621 3862 murentur.
1662 3791 1738 3862 Lex
1765 3783 1827 3860 ilia
1854 3783 1956 3858 alteri
1985 3781 2028 3856 fi.

414 3871 511 3948 uum
546 3877 727 3954 Ludovici
766 3881 821 3956 Pii
860 3887 1085 3983 imperatoris
1115 3887 1171 3962 da·
1269 3885 1449 3976 milisesi,
1473 3913 1578 3986 quam
1601 3915 1708 3988 nuper
1729 3885 2025 3960 memoravimus.

412 3993 490 4048 tum
532 3980 641 4054 Anno
682 3985 898 4061 DCCCXV.
939 3987 1029 4086 apud
1071 3991 1174 4066 Balu·
1268 3987 1360 4062 Heio
1388 4007 1503 4062 autem
1531 3995 1646 4082 Judese
1672 3989 1763 4064 idem
1792 3987 1892 4062 sonat
1918 4006 2025 4086 arque

411 4075 509 4154 aium
546 4079 584 4154 in
612 4085 849 4184 Capitularib.
886 4095 971 4190 Reg.
1008 4095 1172 4166 Francos.
1266 4087 1318 4163 ibi
1345 4095 1482 4179 Comes,·
1509 4110 1661 4190 utroque
1686 4097 1772 4166 verb
1798 4087 1942 4164 nomine
1970 4088 2026 4162 iu.

410 4181 520 4256 Tom.
547 4185 574 4256 1.
602 4209 678 4284 pag.
704 4213 787 4287 549.
815 4193 991 4312 Praecipit
1018 4193 1104 4284 ille,
1131 4213 1172 4268 ut
1205 4195 1234 4266 E
1264 4189 1447 4265 dicabatur
1465 4191 1669 4266 Civitatum
1692 4189 1850 4266 Praeses.
1876 4193 1930 4262 Ex
1949 4191 2024 4262 Co·

411 4280 587 4382 Hispani,
617 4285 702 4369 ficut
725 4293 817 4364 reteri
843 4293 945 4368 libert
983 4291 1172 4388 homines,
1263 4290 1411 4367 mitibus
1439 4291 1559 4382 bisce,
1586 4319 1778 4393 eorumque
1804 4291 1943 4368 ditione
1962 4317 2025 4365 na·

411 4411 489 4460 cum
519 4387 640 4459 cmm
668 4387 728 4464 suo
753 4393 787 4465 s‘n
813 4395 980 4468 sancitum
1010 4416 1171 4493 pergant.
1262 4411 1298 4466 ta
1324 4391 1370 4465 est
1396 4421 1467 4469 vox
1494 4395 1693 4486 Comitatus,
1724 4393 1826 4468 nobis
1853 4393 2020 4486 Conrado,

409 4487 451 4560 ln
494 4490 608 4565 altero
642 4493 844 4591 Capitulari
880 4493 1004 4570 Caroli
1042 4496 1169 4597 Magni
1261 4491 2024 4594 significansuniversumterritorium,Vil-

387 4585 587 4684 ,speslante
606 4591 648 4668 ad
673 4597 815 4668 Annum
846 4597 1053 4670 occcxn
1074 4623 1170 4672 man·

407 4689 536 4781 datur,
574 4711 613 4766 ut
640 4699 775 4768 Cmoites
799 4694 842 4770 ad
869 4697 1063 4772 exercitum
1092 4725 1167 4798 pro·

409 4788 605 4871 ficissentes
631 4801 809 4873 neminem
831 4801 852 4870 l
879 4799 1012 4874 militia
1039 4800 1167 4875 immu-

1261 4598 1332 4687 las,
1368 4598 1545 4690 Castella,
1581 4622 1621 4672 ac
1656 4596 1820 4698 Oppida,
1860 4593 2022 4670 Comitis

1258 4697 1427 4800 regimini
1463 4720 1569 4800 atque
1595 4696 1800 4773 audioritati
1838 4694 2018 4795 subjebla;

1257 4825 1297 4872 ac
1333 4800 1480 4900 proinde
1516 4827 1598 4901 ager
1627 4800 1733 4874 Urbis
1768 4797 2019 4898 cujuscumque

1256 4903 1451 4998 appellatus
1487 4903 1534 4976 est
1571 4903 1776 4992 Comitatus,
1812 4897 1906 5001 quod
1942 4899 2019 4973 Co·

1257 4999 1340 5076 miti
1379 5004 1518 5103 regenti
1559 5005 1694 5078 Urbem
1734 5003 2022 5097 obtemperaret.

1257 5107 1382 5206 Neque
1408 5105 1505 5182 enim
1524 5135 1563 5180 ex
1581 5107 1744 5182 Comitatu
1762 5127 1892 5178 nomen
1920 5100 2024 5178 suum

1870 5226 1968 5280 acce·

408 4919 491 4968 nem
532 4897 766 4996 relinquant,
806 4900 941 4974 duobus
981 4900 1166 4998 exceptis,

407 5015 469 5076 aut
495 5017 670 5100 quatuor;
698 5007 821 5074 Ceteros
839 5028 915 5074 uero
939 5028 1043 5076 omnes
1062 5003 1165 5096 ficum

403 5096 540 5194 pleniter
564 5099 723 5178 babeant.
758 5105 880 5201 Atque
905 5102 990 5179 ltine
1017 5103 1164 5182 caussam
