4628 6148
601 1 604 3 ⁷
739 1 758 20 L
770 15 779 36 '

566 65 573 74 μ

551 87 552 92 .
589 91 591 94 ’
873 99 878 110 ι

324 439 412 544 '169
630 363 1146 522 Dtssnttrntto
1199 433 1512 526 TnttttA:
1737 469 1822 555 170
1902 494 1906 502 ·

265 549 451 630 Trinitate
476 534 686 644 Deitatein,
714 549 972 625 coessentialem
995 553 1030 625 &
1058 561 1197 632 Anum
1226 579 1287 652 per
1310 554 1432 629 omnia
1462 554 1619 631 Patri&
1647 554 1771 632 Filioc
1814 565 1879 630 Rea

265 649 1025 744 consubstantialem,coaeternum&coom·
1096 652 1241 749 lspmd‘f
1281 656 1417 728 Credo.
1459 661 1709 754 interrogatur:
1749 660 1876 734 Credis

264 755 513 845 nipotentem,
539 753 711 852 uniusque
731 757 949 850 voluntatis,
970 783 1027 855 po·
1095 753 1203 889 phane
1230 754 1394 830 Sandlam
1420 759 1669 852 Trinitatem,
1705 787 1778 836 non
1805 781 1880 836 tres
1942 818 1946 824 .

264 854 430 949 testatis,
474 858 510 932 ἀ
555 855 773 957 majestatis,
822 861 1028 933 Creatorem
1114 860 1230 949 Deos,
1266 857 1469 934 sedunum
1506 864 1620 934 Deum
1648 865 1878 961 omnipoten-

263 958 430 1038 omnium
471 977 740 1050 creaturarum,
780 977 912 1059 aquo
952 987 1025 1036 om·
1114 975 1213 1048 tem,
1251 978 1453 1046 aeternum,
1490 959 1730 1054 invifibilem,
1757 967 1792 1038 δι
1819 965 1878 1038 in·

264 1065 349 1152 nia,
377 1063 414 1136 δι
440 1059 478 1135 in
505 1086 577 1158 quo
602 1060 747 1152 omnia,
774 1088 862 1159 quae
891 1061 1029 1138 suntin
1114 1059 1430 1136 commutabilem?
1447 1063 1655 1159 Respondet:
1668 1065 1803 1138 Credo.
1822 1070 1882 1138 ln·

264 1169 378 1242 Caelo
404 1165 439 1236 δι
466 1161 505 1234 in
531 1166 665 1256 Terra,
690 1160 845 1237 visibilia
871 1165 906 1238 δι
933 1165 1024 1240 invi.
1112 1181 1312 1259 terrogatur:
1347 1162 1474 1238 Credis
1510 1163 1673 1239 Sanctam
1710 1165 1879 1242 catheti.

263 1261 407 1342 sibilia?
445 1263 647 1361 Respondet:
681 1263 868 1358 Attentio,
903 1268 939 1339 δι
975 1266 1030 1341 ita·
1112 1289 1189 1336 cam
1215 1265 1250 1337 &
1274 1265 1513 1364 Apostolicnm
1542 1292 1648 1342 unam
1668 1266 1735 1342 elie
1757 1293 1878 1343 reram

265 1368 394 1444 eredo.
421 1370 659 1461 interrogatur:
694 1367 820 1442 Credis
857 1366 1025 1470 singulam
1095 1363 1327 1458 ,Ecclesiam
1362 1367 1402 1442 in
1437 1394 1506 1467 qua
1544 1394 1652 1443 uuum
1681 1367 1783 1444 datur
1809 1371 1881 1444 na.

263 1493 443 1569 quamque
469 1465 507 1540 in
534 1467 660 1542 Sandia
686 1467 871 1544 Trinitate
908 1469 1028 1544 Perso·
1053 1465 1268 1576 B'ptisma,
1312 1471 1348 1542 δι
1391 1497 1471 1543 vern
1511 1471 1674 1546 omniunt
1719 1467 1881 1546 remidio

263 1597 371 1663 nam,
406 1593 515 1643 unum
545 1572 659 1644 Deum
696 1595 846 1665 verum,
884 1574 1027 1671 plenum
1079 1567 1357 1668 ¹peecatorum?
1385 1572 1589 1669 Respontet:
1607 1572 1745 1650 Credo.
1773 1578 1881 1648 lamr-

263 1675 302 1748 &
330 1667 545 1774 persedium?
574 1675 778 1770 Respondet:
802 1675 945 1748 Credo.
973 1679 1024 1749 ln·
1112 1691 1265 1768 rogatur:
1288 1672 1582 1749 Anathematizas
1601 1675 1711 1750 etiam
1729 1701 1880 1750 omnem

263 1795 465 1872 terrognnrr:
499 1773 625 1848 Credis
651 1774 765 1872 ipsum
795 1777 863 1852 Dei
891 1778 1026 1852 Filium
1110 1771 1275 1846 haeresim
1302 1776 1537 1850 extollentem
1558 1777 1770 1852 seadtersias
1790 1782 1877 1852 San·

265 1877 424 1951 Verbum
461 1874 529 1948 Dei
566 1878 793 1954 aeternaliter
827 1899 950 1952 natum
986 1878 1028 1953 de
1112 1873 1206 1948 iiam
1233 1874 1423 1952 Ecclesiam
1451 1877 1703 1966 Catholicaml
1732 1879 1878 1976 Resprn·

264 1981 398 2068 Patre,
425 1975 782 2070 consubstantialem,
820 1981 1026 2068 coomnipo·
1112 1979 1191 2050 det:
1206 1978 1507 2056 Anathematizo.
1535 1987 1774 2078 Interrogatar:
1788 1985 1879 2058 Cre·

262 2094 427 2168 tentem,
469 2081 504 2152 δι
541 2082 766 2178 coaequalem
807 2107 868 2178 per
904 2082 1026 2157 omnia
1113 2078 1167 2154 dis
1194 2082 1304 2154 etiam
1332 2106 1451 2154 veram
1478 2080 1770 2157 resurredlionem
1801 2109 1880 2158 cae·

264 2182 362 2254 Patri
390 2178 604 2271 divinitate,
633 2183 879 2281 temporaliter
903 2204 1026 2259 natum
1110 2180 1166 2254 nis
1193 2179 1374 2282 ejusdem,
1410 2194 1516 2280 quam
1542 2207 1637 2256 nune
1673 2181 1802 2282 gestas,
1836 2185 1877 2258 dc

263 2279 307 2356 de
333 2280 469 2380 Spiritu
496 2281 624 2358 tanao
651 2277 703 2358 *ex
739 2285 859 2360 Maria
893 2285 1029 2375 semper
1109 2283 1235 2356 Vitam
1262 2281 1467 2357 aeternnm?
1495 2282 1678 2381 Respondet
1689 2310 1706 2354 .·
1730 2284 1877 2360 Credo.

264 2382 417 2483 Virgine
443 2409 525 2458 cum
561 2384 680 2458 anima
714 2387 906 2479 rationali,
941 2387 1082 2500 duasc
1111 2387 1349 2481 interrogator:
1374 2385 1501 2460 Credis
1521 2386 1631 2461 etiam
1651 2386 1737 2459 novi
1758 2388 1793 2460 dt
1812 2407 1879 2460 ven¹

263 2483 453 2560 habentem
489 2485 721 2578 nativitates,
757 2515 864 2564 unam
890 2517 935 2566 ex
963 2493 1025 2564 Pa·
1093 2484 1196 2561 lteris
1231 2483 1482 2575 Testamenti,
1517 2485 1690 2588 Legis&
1718 2486 1876 2588 Prophe·
1922 2569 1927 2580 ,

263 2604 319 2662 tre
345 2605 545 2679 aeternam,
566 2591 713 2665 alteram
734 2618 778 2667 ex
799 2593 917 2666 Maria
935 2609 1028 2668 tem·
1111 2605 1226 2662 tatum
1253 2589 1288 2661 δι
1308 2587 1561 2687 Apostolorum
1582 2615 1691 2666 unum
1709 2589 1777 2664 elle
1797 2592 1881 2666 Aue

263 2690 450 2790 potolem,
487 2693 603 2766 Deum
638 2719 789 2786 verum,
824 2696 861 2769 tc
897 2693 1026 2770 Homi·
1111 2688 1247 2764 dioretn
1274 2694 1414 2782 Deum,
1449 2694 1485 2766 δι
1522 2692 1721 2768 Dominum
1757 2688 1881 2766 omni·¹

262 2815 346 2866 nem
383 2817 534 2883 verum,
575 2794 757 2894 proprium
797 2795 837 2870 in
879 2814 1027 2895 utraque
1110 2790 1314 2893 potentem?
1343 2793 1552 2892 Respondet:
1581 2793 1723 2869 Credo.
1750 2799 1799 2868 Et
1824 2793 1879 2866 cti·

263 2909 390 2966 natura
416 2909 522 2988 atque
548 2893 764 2991 persedium,
790 2921 862 2968 non
889 2896 1027 2996 adopti·
1111 2895 1275 2966 caturci:
1304 2898 1404 2968 Haec
1432 2895 1535 2970 Fides
1562 2913 1729 2994 augeatur
1755 2899 1775 2966 l
1801 2898 1878 2966 Doa·
1955 2960 1961 2977 ,

263 3015 379 3081 num,
415 3015 529 3085 neque
565 2992 847 3088 phantasticum,
882 2997 1027 3073 unicum
1113 2993 1213 3068 mino
1239 2992 1282 3067 ad
1307 3019 1426 3068 veram
1450 2995 1486 3068 dt
1510 3012 1688 3070 aeternam
1716 2995 1878 3069 Beatitu·

263 3091 301 3166 δι
328 3115 437 3166 unum
466 3095 605 3185 Deum,
632 3095 767 3171 Filium
792 3095 860 3172 Dei
886 3097 925 3171 in
944 3098 1025 3174 dua·
1110 3094 1260 3187 dinem,
1296 3091 1522 3170 diteniffime
1557 3095 1597 3171 in
1623 3093 1764 3171 Christo
1790 3091 1876 3172 fili.

266 3191 330 3266 bus
365 3191 522 3286 naturis,
558 3193 615 3270 sed
651 3196 688 3270 in
726 3197 829 3274 unius
865 3199 1027 3300 personae
1110 3201 1160 3270 Et
1184 3195 1368 3294 respmdent
1393 3224 1525 3270 omnes:
1552 3201 1694 3273 Amen.

239 3371 243 3378 ,
265 3291 507 3394 singularitate
541 3295 792 3398 impassibilem
818 3303 854 3374 8<
881 3302 1083 3408 immor-D
1161 3305 1252 3371 Tunc
1275 3299 1375 3372 vadit
1400 3300 1557 3372 Dominus
1582 3307 1675 3399 Papa
1696 3301 1746 3380 ad
1770 3306 1879 3390 Sterni

264 3396 374 3470 talem
401 3394 620 3491 divinitate,
656 3399 713 3476 sed
739 3398 778 3476 in
804 3400 1027 3480 humanitate
1093 3401 1249 3492 'tatium
1284 3401 1330 3472 (9⁹
1355 3401 1465 3474 induit
1489 3401 1527 3495 sc
1551 3400 1797 3495 Pontificalibas
1823 3405 1877 3476 in·

264 3522 331 3598 pro
356 3496 487 3590 nobis,
513 3501 549 3574 δε
576 3527 639 3601 pro
666 3503 780 3578 nostra
806 3504 917 3580 salute
953 3506 1024 3605 pas-
1109 3503 1269 3576 dumentis
1294 3500 1389 3599 usqne
1413 3505 1459 3577 ad
1484 3505 1724 3592 Dalmaticum,
1759 3504 1875 3602 quibus

267 3598 344 3674 sum
379 3601 463 3674 verd
496 3604 611 3677 carnis
642 3601 818 3704 paffione,
853 3609 889 3680 δι
916 3606 1028 3710 sepul·
1110 3604 1243 3676 iataeas
1261 3602 1375 3696 sedet.
1415 3605 1548 3678 interim
1588 3605 1760 3703 Episcopus
1793 3611 1877 3686 Pota,

266 3717 369 3794 tum,
406 3727 446 3774 ac
472 3703 708 3806 resurgentem
735 3710 756 3782 l
783 3709 934 3784 mortuis
971 3710 1027 3785 die
1108 3704 1226 3790 ‘unffi
1264 3705 1299 3778 in
1337 3706 1444 3778 ”²0le
1478 3727 1564 3778 mot
1607 3708 1773 3780 mediam
1815 3709 1876 3780 do*

267 3802 376 3876 tertia
402 3803 484 3876 veri
510 3809 624 3881 carnis
650 3808 932 3912 resurreilione3
969 3811 1026 3888 die
1112 3809 1194 3882 boot
1226 3809 1409 3882 Orationem
1439 3808 1536 3907 supet
1570 3807 1742 3880 Eltflum:
1778 3811 1874 3888 Deus

268 3901 531 4004 quadragefimo
550 3909 624 4010 poll
642 3910 931 3988 resurredlionem
947 3941 1026 3989 cum
1112 3908 1360 3984 inenarrabilis
1396 3909 1536 3986 Audiat
1571 3910 1797 3986 mundinae.
1824 3907 1878 3995 fi·

115 4077 117 4080 .
267 4030 398 4096 carne,
433 4032 504 4104 qua
538 4009 753 4106 resurrexit,
787 4015 824 4087 δι
850 4015 970 4090 anima
996 4044 1026 4090 a.
1111 4031 1163 4084 ont
1189 4011 1223 4082 t'n
1250 4009 1396 4084 unslione
1421 4011 1546 4109 Regis.
1582 4013 1702 4084 finita
1725 4011 1876 4084 Oratione

265 4103 432 4182 scendille
459 4111 498 4183 in
524 4113 697 4210 Caelum,
722 4117 759 4189 δι
778 4113 894 4192 sedere
912 4117 953 4191 ad
973 4117 1026 4192 de·
1111 4112 1209 4184 vadit
1233 4111 1366 4186 Eltflttt
1390 4116 1436 4185 od
1459 4114 1596 4186 Chorum
1620 4111 1735 4186 Sooslt'
1757 4119 1877 4210 Grego-

265 4227 405 4284 xteram
443 4209 512 4286 Dei
548 4215 695 4307 Patris,
735 4217 827 4293 unde
862 4239 1029 4295 venturus
1057 4263 1085 4331 Ε
1109 4215 1153 4286 rii
1187 4241 1255 4286 tttm
1286 4213 1447 4311 pentina
1477 4214 1713 4298 ¹cardinalium
1752 4213 1878 4288 Archi.

267 4309 315 4384 est
340 4310 495 4410 judicare
520 4315 625 4392 vivos
643 4319 680 4392 δι
700 4337 881 4410 mortuos,
900 4323 935 4395 dt
955 4323 1025 4397 red·
1109 4317 1309 4414 presbytera,
1329 4317 1373 4387 dt
1392 4317 1654 4390 Archidiacono:
1667 4316 1784 4415 quibos
1796 4341 1878 4413 qaa-

267 4411 350 4484 dere
376 4411 569 4512 unicuique
595 4417 783 4496 secundum
809 4446 916 4520 opera
943 4422 1026 4514 sua,
1104 4417 1139 4505 fi
1163 4417 1323 4519 magistris
1348 4417 1515 4492 mideber
1540 4419 1575 4491 in
1600 4440 1665 4491 reto
1689 4417 1790 4510 officio
1814 4443 1876 4488 an·

265 4509 340 4586 sive
376 4511 468 4588 bona
503 4515 661 4614 fuerint,
699 4520 769 4597 five
805 4523 925 4599 mala?
964 4533 1022 4598 Re·
1113 4519 1244 4592 siiont'r'.
1264 4525 1312 4592 Et
1332 4521 1472 4592 induunt
1489 4547 1559 4594 enm
1572 4518 1790 4610 Amasim&
1805 4519 1876 4589 Ali

259 4613 421 4711 spondete
446 4618 631 4717 Affentio,
658 4627 693 4698 &
721 4651 782 4724 per
805 4626 928 4714 omnia
955 4651 1024 4700 cre·
1111 4624 1176 4714 ba,
1204 4623 1249 4694 Θ
1275 4623 1435 4719 Cingulo.
1472 4629 1521 4696 Et
1547 4621 1596 4709 ste
1620 4625 1778 4695 deducunt
1804 4643 1876 4698 enm
2026 4714 2031 4728 ι

266 4717 338 4791 do.
365 4721 601 4816 interrogatur:
628 4725 754 4801 Credis
780 4726 889 4802 etiam
917 4727 1025 4826 spiri·
1117 4726 1163 4800 ad
1201 4724 1373 4797 Dominam
1412 4732 1539 4821 Papam
1572 4723 1608 4795 a'n
1641 4718 1875 4800 Secretarium.

266 4833 346 4896 tum
370 4819 558 4915 Saniium,
586 4828 728 4924 plenum
752 4830 788 4901 &
813 4828 1029 4930 persedium,
1117 4827 1227 4923 ibique
1243 4827 1348 4918 saciat
1369 4855 1439 4904 enm
1461 4826 1638 4900 clericam.
1662 4828 1712 4896 Et
1737 4819 1876 4894 conata

267 4931 461 5021 verumque
498 4929 613 5002 Deum
649 4955 692 5004 ex
731 4933 894 5006 Patre&
932 4932 1029 5007 Filio
1111 4929 1142 5000 ei
1154 4928 1310 5002 Tunicam
1328 4929 1373 5001 Φ·
1391 4927 1609 5003 Dalmaticam
1627 4923 1877 5008 ortanam·

269 5022 540 5118 procedentem,
567 5036 792 5133 coaequalem
819 5036 855 5109 tc
881 5034 1030 5109 metten·
1111 5031 1157 5105 Θ·
1174 5031 1357 5123 Mithram,
1383 5031 1519 5127 caligas
1538 5029 1583 5098 o
1598 5025 1878 5122 tantamque&

231 5173 233 5179 -
270 5117 398 5200 etatem
420 5127 456 5218 δι
476 5131 858 5240 coomnipotentem&
878 5154 1031 5218 coaeter·
1109 5137 1169 5214 bus
1181 5153 1292 5210 arctor
1306 5133 1341 5210 in
1359 5138 1484 5208 Corona
1500 5129 1585 5226 sata.
1612 5133 1662 5206 Et
1676 5128 1726 5219 stc
1744 5129 1879 5203 indatur

1636 5310 1639 5316 .
1760 5227 1831 5322 flat
