4534 6164
527 475 612 586 6⁹5
843 462 1234 586 Antroorn
1280 461 1502 554 maort
1542 463 1715 554 anor
1967 459 2134 574 aaa

465 585 658 660 Latine&
684 585 819 658 Graece
847 581 915 660 sese
941 583 1148 661 subscribit.
1176 589 1228 661 A·
1256 583 1485 674 Abrchiro
1528 581 1673 686 insignis
1713 577 1951 660 Monalieeii
2009 579 2173 656 saneti

466 685 532 758 deo
560 691 643 760 uerit
679 683 880 785 spebiabilis
917 685 1038 762 habita
1064 685 1111 760 eli
1135 687 1227 763 olim
1304 680 1416 762 'sixti
1452 685 1675 774 Placentini,
1710 684 1805 783 quod
1844 681 2006 784 primo
2061 685 2175 756 Mo·

465 786 626 860 Comitum
659 786 816 888 dignitas
850 815 891 862 ac
927 787 1082 881 titulus,
1119 805 1229 864 utne
1322 786 1472 862 nialium
1510 786 1601 880 fuit,
1637 786 1763 863 deinde
1797 783 2053 861 Monachis
2090 786 2172 858 Be-

467 886 531 990 ipsr
566 887 711 988 quidem
730 893 852 990 Reges
878 891 915 964 dt
942 889 1090 993 Augusti
1126 889 1228 967 dubi·
1319 889 1512 965 nedisiinis
1537 887 1776 981 attributum,
1812 887 1851 962 in
1880 911 2063 960 eorum
2101 885 2172 1005 di·

466 1005 584 1067 tarent
610 987 741 1067 eisdem
761 991 968 1068 Comitibus
994 994 1138 1094 jungere
1157 1019 1229 1068 rna·
1321 990 1421 1066 tinne
1439 991 1551 1067 adhue
1578 990 1762 1090 perdurat,
1790 987 2047 1064 adservatur
2084 991 2171 1062 Da·¹

467 1089 643 1168 trimonio
667 1089 762 1208 lisiae
788 1091 864 1212 suas
890 1113 996 1195 atque
1022 1093 1229 1194 consangui·
1321 1095 1440 1212 plorata
1475 1091 1718 1214 authenticam
1755 1089 1937 1194 lingonis
1994 1091 2164 1163 Italiae

469 1217 809 1370 librili}
838 1198 1009 1372 {till}
1045 1199 1231 1398 &tili
1317 1200 1456 1394 itt-t
1467 1221 1715 1394 gliniiimi
1735 1209 1953 1391 iiiiii„
1968 1197 2165 1385 Ἦ

469 1397 570 1472 sunt.
601 1399 779 1469 Praeterea
805 1395 1020 1474 consuetudo
1047 1397 1230 1493 invaluit,
1313 1397 1489 1495 finemque
1509 1423 1694 1494 germanam
1720 1397 1878 1485 nmirum.
1909 1393 2160 1469 Chartam

470 1493 651 1591 Comitiffas
677 1495 903 1597 nuncupandi
931 1501 987 1576 uel
1015 1498 1105 1600 ipsas
1133 1503 1232 1576 Uxo-
1248 1495 1306 1686 'Bp
1322 1497 1432 1600 ipsam
1446 1499 1608 1574 omnium
1624 1499 1739 1576 oculis
1758 1495 1941 1598 subjicere
1968 1498 2160 1602 placet.

471 1623 525 1674 res
556 1601 699 1674 Ducum
734 1615 841 1700 atque
875 1600 1155 1679 Marchionum.
1192 1605 1233 1676 ln

475 1849 746 1942 Confirmatio
776 1849 1079 1968 Priuilegionam
1110 1853 1213 1944 laiia
1235 1856 1298 1942 ab·
1315 1860 1493 1966 Hugone
1523 1850 1662 1942 Italiae
1691 1859 1804 1968 Rege
1835 1849 2139 1944 Monalierio

562 1969 811 2060 Monialium
842 1973 976 2060 Saniii
1007 1973 1120 2086 Xylii
1149 1974 1192 2061 in
1224 1974 1335 2061 Urbe
1365 1970 1594 2062 Placentina
1624 1969 1708 2081 fici,
1737 1979 1862 2061 Anno
1890 1991 2021 2086 92⁶·

522 2205 559 2274 N
582 2201 705 2276 nomine
731 2203 864 2276 Domini
889 2203 955 2278 Dei
988 2205 1128 2279 aeterni.
1165 2213 1237 2288 Hm,
1317 2208 1440 2294 diana,
1477 2205 1615 2296 Villole,
1655 2205 1907 2304 Piguniarium‚
1941 2236 2037 2282 eum
2079 2236 2127 2280 a·

542 2328 586 2400 go
609 2303 731 2376 divina
763 2303 919 2402 largiente
953 2305 1117 2378 elementia
1143 2316 1235 2381 Reor.
1316 2306 1486 2380 diaeentiio
1510 2331 1638 2398 eorum,
1675 2308 1719 2377 θ
1743 2311 1851 2382 omnia
1877 2333 2121 2407 quaecumque

472 2403 513 2480 Si
531 2403 633 2498 saeris
656 2431 694 2479 ae
718 2407 957 2480 venerabilibus
981 2407 1056 2480 loeis
1081 2427 1231 2509 tempora·
1263 2411 1488 2485 Cmemarata
1525 2408 1715 2503 imperatrix
1755 2409 1968 2499 institutionis
2017 2411 2117 2503 suae
2226 2377 2229 2472 l

473 2509 523 2580 lia
562 2529 657 2604 atque
695 2506 880 2594 transitoria
917 2507 1128 2602 concedimus,
1168 2538 1233 2585 ma·
1315 2509 1440 2608 pagina
1473 2508 1657 2604 ubicumque
1689 2510 1790 2581 eidem
1819 2513 1954 2584 Cenobio
1997 2505 2119 2604 diffi-

469 2633 570 2706 gnam
596 2608 685 2702 apud
708 2609 882 2679 Dominum
907 2610 1099 2685 remunerari
1124 2613 1158 2684 in
1180 2613 1234 2704 su·

472 2729 544 2778 turo
562 2731 757 2804 nequaquam
775 2707 977 2799 diffidimus.
1004 2712 1161 2806 Quocirca
1182 2741 1232 2784 no·

472 2807 560 2880 verit
584 2807 722 2880 omnium
749 2806 901 2900 fidelium
925 2811 1059 2904 sarbiae
1083 2813 1150 2886 Dei
1173 2819 1232 2886 Ee·

473 2907 608 3002 elostat,
644 2908 871 3009 nostrorumque
902 2911 1113 3012 praesentium
1148 2915 1234 3007 scili·

473 3031 519 3083 eet
556 3009 601 3082 θ
630 3011 811 3102 futurorum
846 3011 1031 3105 industria,
1065 3017 1232 3112 Lampet-

472 3131 550 3187 tum
585 3111 718 3206 sanilae
751 3111 1028 3190 Mediolanensi
1063 3113 1237 3191 Ecclesiae

1320 2609 1408 2683 nivit
1432 2611 1478 2682 ael
1511 2611 1707 2683 babendum.
1743 2618 1886 2706 Quorum
1916 2609 2112 2712 peticioni·

1320 2715 1378 2784 but
1403 2729 1470 2782 tota
1495 2711 1660 2782 devocione
1679 2711 1831 2801 faventes
1857 2715 1894 2786 ia
1921 2714 2010 2808 fieri
2040 2739 2114 2786 art·

1322 2813 1474 2902 ruimus,
1508 2812 1564 2883 boe
1588 2810 1724 2898 nojlrum
1748 2821 1955 2914 Praeceptum
1986 2811 2111 2910 scribi
2222 2868 2223 2892 r

1321 2911 1486 3006 jubentes,
1519 2936 1577 3008 per
1611 2915 1695 3008 quod
1730 2918 1932 3012 praelibatae
1965 2927 2110 2992 Bartae

1323 3020 1454 3086 eundem
1483 3013 1715 3101 Monaslerium
1739 3014 1979 3112 confirmamus,
2013 3042 2109 3116 qena-

1323 3135 1415 3188 tenuo
1440 3115 1475 3186 in
1510 3115 1567 3199 [ua
1594 3113 1643 3199 sto
1673 3115 1826 3212 potestate
1851 3121 1896 3190 Θ·
1919 3121 2103 3210 dominia,
2227 3123 2228 3126 ’

471 3211 820 3384 Archiepiscogum
857 3241 912 3288 nee
949 3241 1010 3288 non
1045 3217 1091 3288 ti·
1124 3217 1232 3292 Adel·
1324 3217 1452 3314 eousque
1485 3215 1627 3307 vixerit,
1664 3218 1709 3287 θ
1743 3218 1859 3291 ibidem
1892 3221 2106 3295 dominatrix
2217 3258 2228 3319 p

473 3311 612 3386 bertum
641 3313 703 3405 san
735 3341 772 3384 ae
798 3313 1035 3416 Bergamenfie
1061 3315 1235 3394 Ecclesiae
1263 3315 1298 3386 D
1325 3319 1368 3388 (9·
1394 3317 1572 3390 ordinatrix
1596 3338 1692 3414 otqtte
1720 3319 1836 3390 telleia
1869 3322 2030 3420 invigilet
2058 3344 2105 3394 ac
2213 3329 2217 3431 l

473 3407 693 3505 Praesulem,
720 3413 765 3486 ti*
799 3415 1068 3520 Ermengardim
1103 3419 1234 3520 glorio·

472 3511 633 3590 liffimam
660 3513 911 3612 Comitiss'am,
946 3518 1236 3618 kariffimamque

472 3641 672 3718 germanam
709 3617 882 3711 nostram,
917 3622 963 3692 ti·
997 3618 1234 3695 Gisclbertum

471 3717 643 3790 illustrem
679 3717 864 3790 Comitem
906 3717 1061 3806 Palatii,
1095 3719 1237 3790 aniliter

472 3813 607 3902 nollram
641 3811 773 3907 enoraffe
807 3813 1043 3909 eelfirudinm,
1084 3838 1236 3917 quatenns

471 3916 511 3986 ob
533 3937 637 3987 amore
657 3912 793 4014 stuporem
818 3917 1077 3992 remunerationis
1100 3943 1157 4020 per
1181 3949 1232 3994 no·

464 4013 529 4106 siri
547 4018 706 4116 prmeepri
724 4017 881 4119 paginam
898 4022 1056 4120 quoddam
1073 4024 1230 4113 Monalie·

472 4115 555 4189 rium
580 4117 667 4211 infra
691 4121 840 4196 Civitate
863 4123 1076 4217 Placentina,
1101 4129 1124 4202 oi
1150 4131 1233 4200 Bea-

1322 3440 1526 3516 permaneat,
1562 3422 1657 3490 donec
1682 3417 1750 3514 ejus
1766 3420 1869 3510 fuerit
1890 3423 1983 3492 vira.
2016 3427 2103 3490 Per·

1325 3521 1409 3616 quod
1446 3521 1541 3592 etiam
1580 3519 1656 3613 jam
1695 3517 1857 3618 praeserito
1897 3517 2097 3590 venerabili
2213 3516 2217 3583 l

1323 3621 1386 3690 loeo
1411 3619 1603 3692 concedimus
1639 3623 1698 3695 bac
1729 3615 1943 3711 confirmamur
1978 3637 2094 3690 omnes
2227 3679 2228 3690 ,

1325 3744 1372 3792 rer
1398 3721 1442 3791 Θ·
1472 3717 1683 3819 poffiffioneo,
1719 3721 1846 3795 mobiles
1870 3749 1907 3795 ae
1941 3717 2093 3794 immobi-
2215 3705 2228 3776 l

1324 3821 1396 3911 les,
1433 3841 1499 3894 tam
1522 3845 1580 3920 per
1604 3825 1784 3918 cartulas,
1820 3851 1973 3922 quamque
1996 3841 2095 3895 extra

1324 3924 1499 4015 cartulas,
1534 3927 1589 3996 vel
1624 3925 1841 4022 cujuscumque
1875 3922 2095 4019 inseripriomit

1324 4022 1418 4096 titulo
1442 4030 1487 4096 ad
1508 4046 1632 4121 partem
1659 4025 1757 4124 ipstus
1782 4027 1975 4117 Monallerii
2008 4022 2095 4122 legi·

1324 4127 1382 4198 bos
1406 4125 1584 4224 adqursstat
1601 4127 1646 4198 (θ’
1668 4129 1903 4225 adquirendae,
1923 4131 1980 4222 seu
2001 4127 2091 4225 quie·

471 4239 525 4292 tae
548 4217 700 4293 videlieet
724 4223 887 4297 memoriae
912 4227 1138 4327 Angelbetga
1165 4229 1233 4299 lm·
1260 4227 1289 4298 E
1323 4227 1404 4324 quid
1425 4250 1482 4324 per
1507 4236 1634 4325 Regum
1658 4230 1714 4300 vel
1746 4235 1973 4328 Imperatorum
1996 4249 2092 4302 ante·

471 4316 645 4423 perattice
666 4321 891 4418 emlinublum,
915 4327 961 4398 b
985 4327 1020 4400 in
1043 4351 1134 4400 onore
1150 4331 1218 4399 san

471 4423 517 4496 ili
542 4421 633 4498 Sinti
661 4423 868 4516 deditarum,
898 4427 1023 4502 Bettae
1054 4425 1231 4528 gloriosiffi·

471 4549 540 4600 onae
564 4521 772 4618 Abbatifl'e,
798 4521 1076 4628 consanguineae
1101 4527 1233 4606 noſtrae

471 4653 540 4699 enm
564 4626 709 4700 omnibur
735 4623 809 4721 suit
840 4627 1046 4723 pertinentiis
1070 4627 1230 4727 eonfinna·

473 4753 506 4798 re
528 4728 757 4826 dignaremur,
776 4726 878 4813 fimul
901 4753 1020 4830 quoque
1037 4734 1235 4826 roborantes,

473 4829 517 4900 <9¹
543 4829 577 4900 in
601 4849 787 4928 perpetuum
811 4833 1007 4905 concedenter
1031 4834 1133 4906 eidem
1158 4840 1229 4907 Mo

472 4927 621 5018 masserio·
638 4931 792 5029 quasdam
816 4937 950 5025 Cottas,
988 4936 1235 5024 Wardeslallam

463 5030 609 5126 seilicet,
634 5037 792 5132 Campum
817 5033 989 5124 millaio,
1016 5040 1143 5110 currem
1167 5043 1228 5108 No·

470 5157 539 5225 aa,
573 5135 690 5228 seno,
723 5133 931 5230 Lucinam,
965 5136 1096 5211 Littera
1129 5139 1225 5212 Palu

1324 4325 1467 4423 celsorum
1493 4329 1660 4418 nostrorum
1689 4338 1861 4432 Praecepta
1886 4335 1931 4408 ad
1956 4334 2088 4404 eundem

1319 4431 1444 4522 sacrum
1469 4433 1568 4504 locum
1593 4433 1760 4508 collatum.
1786 4445 1902 4532 Atque
1927 4435 2089 4507 Cellulam

1322 4535 1510 4626 quandam,
1544 4559 1624 4633 quae
1648 4536 1829 4634 antiquitus
1854 4535 2089 4624 Monasleriune

1322 4634 1507 4726 dicebatur,
1536 4663 1597 4708 non
1622 4647 1731 4734 procul
1757 4643 1779 4710 d
1807 4639 2000 4711 Placentina
2029 4643 2092 4708 Ur·

1324 4735 1361 4805 be
1379 4733 1499 4826 sitam,
1526 4739 1646 4828 lacrum,
1673 4739 1731 4836 qui
1748 4745 1857 4836 Caput
1875 4741 2009 4813 Trebiae
2026 4762 2093 4807 ve·

1320 4855 1430 4928 eatur,
1456 4835 1490 4909 in
1509 4863 1573 4934 qua
1589 4839 1729 4926 Ecclesia
1746 4841 1966 4940 Apostolorum
1982 4837 2091 4910 Prin·

1320 4936 1400 5032 cipio
1424 4963 1512 5011 onore
1535 4941 1646 5014 dicata
1669 4941 1827 5036 consistit,
1853 4967 1919 5016 curt
1939 4939 2090 5012 omnibus

1323 5037 1435 5126 inibi,
1471 5045 1728 5136 quemadmodum
1761 5047 1999 5122 Karlotnanus
2035 5037 2092 5116 sei

1296 5145 1298 5152 “
1323 5137 1520 5216 renillimus
1547 5145 1625 5219 Rex
1650 5148 1832 5246 antiquitus
1855 5149 1988 5224 eandem
2014 5143 2092 5236 Cela

1931 5249 2046 5340 ratam
