4626 6152
309 491 395 578 401
583 457 1099 552 orssnnrnrro
1151 453 1523 572 Qurncnn.

1712 493 1801 576 40²

251 579 429 660 Kalendas
455 577 536 653 illes
563 579 777 670 adnotetur,
804 577 859 652 uti
884 575 923 652 in
949 579 1011 652 Pe·
1038 588 1085 662 ΑΙ
1101 575 1308 674 Diplomete
1334 574 1466 650 constet
1492 575 1582 678 opud
1613 581 1861 684 Margarinum

252 684 380 762 tarino
405 681 538 756 sedium
565 679 704 756 videns.
732 678 858 755 Finem
876 678 1013 754 babuis-

252 787 287 863 sc
313 787 445 858 errulum
475 784 624 856 Ducalem
657 781 697 858 in
733 781 915 857 Methilde
944 785 1010 856 lio·

251 887 377 966 nisecii
405 883 503 976 filie,
531 883 721 982 suspicatus
747 883 793 959 est
818 883 919 986 supre
942 907 1011 958 me·

253 1010 410 1066 moratus
449 987 711 1079 Florentinius,
747 1011 857 1085 quum
892 1011 1013 1062 revere

250 1093 352 1170 illius
380 1087 591 1164 Successores
616 1106 802 1164 occurrant
828 1114 901 1163 uno
919 1093 1011 1160 Mar·

252 1194 371 1270 ebionis
409 1191 520 1264 titulo
555 1190 746 1265 contenti.
786 1195 885 1265 Inter
924 1192 1014 1264 elios

254 1289 387 1388 Wei'pho
411 1299 548 1380 Sexrus,
572 1293 820 1367 celeberrimus
847 1290 1013 1391 Princeps

252 1425 296 1476 ex
323 1391 448 1468 Essenst
477 1393 591 1468 Linea
618 1391 920 1468 Brunsvicenfium
941 1398 1013 1467 Du·

1095 676 1134 751 in
1162 677 1294 751 Buller.
1320 673 1495 751 Cafinens.
1521 681 1630 755 Torn.
1653 707 1687 757 ν..
1707 686 1859 763 Constit.

1098 783 1183 854 218.
1209 777 1373 854 Tandem
1412 779 1508 878 quod
1534 779 1704 882 singulare
1734 787 1863 864 hebuit
1988 868 1998 876 ,

1097 877 1249 955 Tusciae
1284 884 1465 976 Ducetus,
1500 883 1575 984 ejus
1611 887 1769 986 regimen
1805 890 1862 966 in·

1099 981 1262 1074 terdum,
1288 981 1359 1057 five
1385 983 1682 1076 concedentibus,
1710 987 1778 1066 five
1806 1010 1862 1066 to·

1098 1084 1291 1160 letantibus
1316 1085 1508 1187 Augustis,
1535 1089 1758 1164 commissum
1790 1092 1861 1170 suit

1096 1182 1263 1279 seminis,
1297 1186 1443 1261 virilem
1470 1208 1589 1264 temen
1626 1191 1785 1267 animum
1822 1195 1861 1270 in

1098 1285 1239 1387 pesiore
1273 1289 1504 1390 gerentibus.
1544 1291 1728 1389 Ejusmodi
1765 1295 1860 1373 suere

1096 1391 1233 1462 Bearris
1258 1388 1358 1492 supra
1384 1391 1519 1466 laudati
1546 1392 1726 1470 bonifacii
1762 1401 1864 1474 Mer·

252 1497 409 1590 eum,in
424 1494 495 1568 suis
512 1493 1010 1594 DiplometisAnniMCLX.
1040 1499 1070 1570 B
1094 1487 1237 1564 chionis
1262 1519 1303 1566 cc
1331 1493 1443 1567 Ducis
1468 1493 1559 1568 olim
1597 1497 1751 1596 conjux,
1788 1501 1864 1600 eju·

253 1601 318 1675 bos
344 1595 494 1699 praefert
519 1597 668 1670 titulos:
697 1597 802 1688 Weiss
823 1597 888 1670 Dei
900 1597 1014 1694 grarid

252 1709 333 1776 Dux
356 1699 499 1796 Spoleti,
526 1699 676 1771 Marcbio
693 1698 847 1793 Tusciae,
864 1700 1016 1794 Princeps

253 1803 452 1890 Sardiniae,
487 1801 648 1870 Dominus
680 1807 802 1874 Domus
832 1797 1014 1896 Camirissae

254 1903 432 1978 Marildir.
468 1899 533 1974 Sed
568 1901 920 1976 animadvertendum
946 1901 1014 1993 est,

253 2005 442 2104 Philippum
466 2008 610 2074 Suevnm
635 2003 749 2108 postea
773 2008 1014 2104 Romanorum

255 2113 411 2206 Regem,
446 2103 480 2178 se
515 2102 628 2204 ipsum
665 2104 868 2206 inscripsisse
903 2107 1013 2178 Anno

252 2209 447 2286 MCXCV.
474 2211 593 2278 Ducem
619 2207 777 2301 Tusciae,
804 2225 844 2281 ut
869 2231 913 2281 ex
940 2206 1014 2307 ejus

1098 1592 1180 1688 sque
1205 1591 1283 1668 filie
1307 1593 1472 1696 generose
1507 1595 1638 1672 mulier
1670 1601 1864 1680 Comitiffe

1099 1694 1301 1788 Mrrhildis,
1327 1696 1456 1796 quibus
1483 1713 1561 1773 tum
1580 1699 1756 1795 Desiste,
1783 1721 1863 1780 turn

1098 1795 1278 1892 Camirissar
1312 1797 1441 1874 titulus
1475 1799 1514 1874 in
1550 1798 1612 1876 usu
1648 1800 1738 1878 fuir.
1777 1809 1863 1880 Pro·

1097 1899 1186 1972 dunt
1212 1899 1280 1974 hoc
1307 1900 1405 1975 varin
1430 1900 1574 1977 illerum
1602 1926 1862 2002 monuments,

1096 2027 1396 2177 pppnpmmunupp
1421 2001 1502 2176 pepe
1537 2003 1863 2185 inseffoehilmst'

1094 2129 1451 2280 crieijeinonmicoruin²
1468 2129 1630 2308 ditidgss
1647 2132 1687 2283 ic
1713 2134 1776 2183 wo
1827 2135 1864 2186 a·

283 2425 508 2518 Concordia
538 2425 639 2520 inite
668 2425 774 2515 inter
799 2425 1011 2514 Albertum
1039 2423 1089 2510 de
1116 2421 1297 2536 Bejoesie
1321 2423 1511 2514 Nobilem
1541 2426 1835 2548 Mutinensem,

458 2551 498 2636 dc
530 2548 760 2640 Eribertum
792 2545 1028 2664 Episcopum
1070 2541 1342 2630 Mutinensem
1373 2545 1422 2630 de
1453 2547 1657 2638 Canonicu

559 2663 751 2756 civitatis
782 2671 946 2772 Novae,
976 2691 1109 2752 corum
1140 2661 1320 2750 Beetrice
1350 2660 1559 2752 Comitiffu

678 2789 720 2870 δι
750 2783 906 2872 Duciffe
935 2781 1126 2892 Tusciae,
1156 2791 1280 2869 Anno
1315 2809 1441 2898 ¹075·
1530 2859 1533 2866 .

250 3015 339 3200 ΙΝ
361 3016 485 3090 nomine
510 3015 645 3092 Domini
670 3017 735 3090 Dei
760 3017 805 3088 (θ’
831 3016 1070 3092 salvareris(
1100 3017 1176 3088 dato
1201 3038 1259 3088 aur
1273 3011 1367 3106 ‘sasso
1392 3011 1506 3088 exinde
1539 3017 1574 3089 in
1609 3017 1710 3091 asiam
1740 3041 1865 3118 partem

326 3121 429 3209 noflri'
438 3121 544 3214 Jbesu
570 3118 711 3207 Christi.
746 3125 849 3192 Anno
882 3124 925 3192 ab
959 3123 1012 3192 sn·

252 3221 434 3294 carnarium
458 3221 596 3314 eiusdem
622 3225 802 3293 MLXXV.
825 3225 919 3292 Sexto
937 3223 1015 3293 sdus

242 3321 369 3413 Junii,
396 3323 575 3395 indisiione
605 3321 863 3396 Tereiadeeima.
897 3324 1011 3394 Mani·

247 3421 329 3512 sessa
353 3421 446 3514 cause
471 3423 514 3511 esi
538 3426 634 3496 miehi
658 3425 796 3496 Athene
812 3421 892 3514 filio
917 3449 1011 3520 quon·

250 3527 327 3596 dam
351 3525 487 3596 Atheni
511 3527 551 3597 de
576 3523 756 3620 Bassaria,
775 3525 859 3620 quod
884 3524 918 3595 in
941 3546 1011 3619 pre·

245 3623 354 3717 scuria
381 3629 522 3701 Domnc
549 3653 626 3703 mee
648 3622 822 3700 Beetricis
840 3622 1012 3699 Comitis·

252 3723 286 3796 se
312 3727 347 3796 δι
376 3727 514 3816 Ducis,
539 3727 666 3823 ejusque
687 3723 774 3820 jussu
800 3753 837 3798 ae
860 3727 1011 3799 voiunta-

253 3823 435 3921 repudium
460 3827 642 3898 densationis
676 3829 770 3898 causd
804 3825 847 3913 esi
876 3826 1012 3924 positum

1102 3117 1308 3214 apparueris,
1342 3117 1394 3188 cui
1427 3143 1482 3216 ego
1506 3116 1653 3214 dedrffem
1687 3143 1746 3194 aur
1774 3123 1868 3218 secis-

1097 3219 1164 3311 sem
1178 3247 1200 3308 ,·
1223 3219 1279 3290 vei
1297 3216 1331 3303 st
1356 3219 1390 3289 in
1415 3241 1513 3294 antea
1537 3247 1592 3317 rgo
1616 3223 1673 3292 vei
1697 3225 1758 3295 mei
1780 3225 1867 3297 here·

1102 3323 1158 3390 des
1181 3320 1360 3392 dederimus
1382 3341 1442 3392 aur
1460 3320 1627 3412 fecerimus
1645 3321 1720 3416 jam
1745 3325 1865 3400 didam

1102 3421 1325 3508 canonicam·
1343 3419 1377 3506 fi
1400 3421 1455 3493 boe
1479 3425 1663 3519 apparueris
1684 3428 1730 3496 Θ·
1745 3430 1866 3500 clarum

1098 3521 1221 3612 sussum
1241 3522 1368 3612 suerit:
1402 3543 1478 3594 tune
1493 3599 1496 3606 ,
1511 3546 1685 3622 componere
1715 3528 1866 3623 promitto

1105 3650 1170 3695 una
1194 3649 1263 3696 eum
1288 3623 1365 3694 meis
1389 3625 1554 3697 heredibus
1585 3626 1711 3722 viginti
1746 3629 1865 3703 Libras

1102 3724 1306 3822 Papienfium
1318 3725 1539 3817 denariorum,
1555 3728 1753 3800 medietatem
1765 3734 1867 3801 Dom-

1104 3853 1143 3896 ne
1167 3853 1232 3896 mee
1257 3819 1401 3898 Bearriii
1423 3827 1481 3898 ves
1505 3825 1574 3921 ejus
1607 3823 1794 3920 heredibus,
1829 3859 1867 3906 ac

253 3925 336 3995 inter
361 3951 409 3995 me
444 3929 488 3996 (ν’
523 3925 755 4000 Hcribettum
795 3925 1008 4028 Episcopum
1041 3948 1075 4017 1)
1105 3927 1302 3998 medianum
1334 3925 1547 4120 suprascppro
1574 3931 1747 4022 ¹Heriberuu
1781 3935 1867 4030 Epi.

252 4024 464 4100 Mutinense
490 4025 664 4119 Ecclefie,
699 4025 788 4112 urst
812 4053 952 4123 unquam
977 4031 1011 4100 in

251 4147 386 4224 remporr
411 4155 502 4225 agere
526 4149 585 4200 aur
609 4128 734 4221 causare
767 4129 823 4198 vei
856 4127 1014 4214 molesiare

248 4227 458 4328 presumpsero
482 4249 589 4302 eontra
609 4223 855 4325 suprascripsum
883 4227 1010 4324 Episco-

250 4351 355 4428 pum,
381 4335 437 4402 ved
461 4331 532 4427 ejus
551 4327 747 4427 successures,
766 4351 825 4401 eut
842 4351 949 4404 emera
966 4357 1012 4402 er·

252 4455 322 4501 rum
348 4431 510 4528 Missum,
537 4432 614 4521 idesi
639 4431 837 4504 nominative
853 4434 1015 4529 quandam

251 4533 444 4606 Canonium
467 4538 507 4606 de
540 4536 727 4624 Ciranooa,
764 4557 860 4630 quam
898 4533 1010 4605 habere

251 4633 298 4704 0·
320 4634 461 4705 detinere
483 4633 576 4727 visus
594 4636 650 4725 sui
674 4639 697 4706 d
717 4655 812 4732 parre
845 4636 1008 4705 Mutinen-

242 4733 294 4823 sis
319 4734 474 4826 Ecclede,
509 4736 672 4833 omniaque
696 4761 734 4806 ere
758 4735 902 4808 omnibus
926 4736 1008 4832 quie·

250 4837 330 4936 quid
353 4837 434 4907 mibi
455 4837 624 4934 prescripto
647 4837 786 4910 unbem
808 4839 947 4934 pertinet
970 4839 1012 4908 de

247 4937 320 5033 jam
344 4937 432 5011 disin
456 4939 640 5029 Canoniea,
668 4937 743 5024 frere
772 4959 831 5034 per
857 4938 1010 5033 seriptum

251 5059 310 5109 aus
327 5037 399 5124 sine
418 5040 537 5138 seripuo
551 5095 562 5130 ‚
574 5039 649 5124 seve
665 5061 724 5136 per
739 5037 934 5130 Beneficium
951 5060 1009 5109 aur

248 5159 307 5235 per
331 5142 467 5236 quodvis
500 5142 664 5239 ingenium
674 5167 698 5231 ;
730 5139 776 5210 Φ·
802 5137 836 5224 si
869 5141 909 5211 de
943 5165 1007 5212 mer

354 5247 442 5317 Tem.
469 5245 499 5314 1.

1099 4025 1190 4122 scopo
1213 4027 1269 4096 vei
1294 4024 1363 4119 ejus
1382 4028 1470 4118 suere
1491 4029 1622 4101 eribus.
1656 4035 1706 4100 Εν
1741 4032 1868 4130 insuper

1104 4127 1158 4198 bue
1172 4125 1302 4222 passum
1321 4123 1453 4217 firmum
1471 4127 1517 4196 Φ
1525 4126 1646 4214 flabile
1659 4151 1865 4227 pennarum,

1097 4225 1182 4313 sicus
1207 4227 1310 4324 supra
1343 4227 1482 4324 iegitur,
1508 4230 1586 4324 quia
1613 4227 1662 4314 ste
1696 4233 1780 4304 inter
1813 4261 1869 4306 nos

1104 4331 1271 4402 ernerenir.
1307 4333 1355 4400 Er
1381 4355 1435 4400 nee
1468 4329 1564 4402 miehi
1596 4331 1692 4404 diceas
1724 4340 1867 4406 ammodo

1105 4432 1170 4502 uilo
1196 4451 1329 4526 tempore
1355 4431 1439 4502 nelle
1464 4441 1546 4527 quod
1557 4431 1657 4523 sesnes
1672 4435 1793 4520 ensui;
1804 4434 1865 4524 sed

1104 4533 1186 4628 quud
1211 4531 1308 4602 died
1333 4557 1380 4602 me
1399 4531 1497 4623 semel
1515 4531 1641 4623 sessum
1662 4532 1720 4602 ves
1735 4534 1863 4624 conseri.

1101 4653 1192 4730 psum
1218 4631 1281 4722 esi,
1310 4630 1373 4725 sub
1391 4631 1605 4726 jurejurando
1630 4631 1867 4704 inviolabiliter

1102 4733 1263 4825 observare
1284 4734 1435 4830 promitto
1458 4759 1526 4806 cunr
1549 4731 1758 4826 stipulatione
1784 4733 1864 4826 sud·

1047 4849 1076 4918 Ε
1103 4837 1200 4908 nius.

1153 4935 1278 5056 Assum
1304 4936 1338 5008 in
1365 4935 1452 5030 Casa
1484 4929 1601 5006 Saniii
1633 4929 1759 5024 Ceserii
1785 4933 1865 5024 seli.

1201 5059 1303 5111 cuer.

1177 5241 1211 5314 C
1236 5263 1256 5312 c
1678 5231 1816 5328 Signum
