4560 6146
460 411 562 537 'inp
782 415 1175 545 ANTIQUJT.
1223 407 1450 510 Maur!
1497 415 1674 511 ἈΕΗ
1886 421 1967 510 128

403 531 522 638 ‚ipsius
549 536 673 615 Caroli
699 537 739 614 in
764 543 1008 618 Romanorum
1032 551 1182 642 impera·
1211 537 1331 614 Aubi
1359 542 1436 615 Rex
1463 538 1590 616 Italiae
1616 539 1785 617 salutatus
1810 539 2031 638 ell.·Perga·'

415 654 534 716 torem
561 643 581 714 l
608 641 767 733 Johanne
793 648 896 717 Vlll.
925 643 1101 721 Pontifice
1135 643 1184 720 fa·
1274 665 1412 716 menam
1440 639 1518 714 ridi
1545 641 1770 746 archetypam
1795 641 1886 744 apud
1912 643 2032 716 Cano·

404 740 495 833 att,
519 741 583 843 ipli
608 770 748 842 quoque
774 771 836 844 pso
860 745 922 820 suo
944 746 1020 846 jure
1044 773 1085 822 ae
1109 773 1183 821 mu·
1274 743 1373 818 nicos
1410 745 1600 844 Regulares
1636 745 1831 819 incolentes
1866 741 1905 816 iu
1934 739 2034 812 Urbe

404 867 498 920 ,nere
521 843 636 942 ipsum
659 847 821 944 eligunt,
841 865 948 944 atque
972 849 1185 924 confirmant
1273 843 1469 922 Pistoriensr
1502 843 1770 920 vetustilfimum
1806 839 2037 921 coenobium

415 943 475 1018 his
502 945 638 1019 verbis:
667 951 736 1018 Nos
765 950 962 1021 unanimiter
994 979 1053 1024 vas
1077 959 1184 1026 Psote·
1271 946 1391 1022 Sancti
1419 946 1707 1038 Bartholomaei,
1734 963 1939 1037 exaratam,
1966 949 2037 1014 Re·

406 1043 549 1136 distem,
566 1051 762 1138 Dominum,
781 1078 818 1121 ac
832 1052 1031 1144 Defensorem
1044 1055 1182 1126 omnium
1267 1071 1388 1144 guanto
1414 1055 1537 1125 Domus
1563 1051 1809 1126 Karalumannn
1833 1055 1906 1120 Res
1931 1044 1965 1116 in
1985 1047 2048 1116 E-

406 1145 550 1234 mujirum
585 1150 753 1246 eligimus.
796 1153 899 1228 Paria
935 1154 1179 1251 praestiterunt
1270 1153 1374 1244 salia,
1397 1155 1559 1250 postquam
1585 1153 1692 1250 Papia
1717 1151 1865 1223 Ciuitate
1885 1140 2037 1243 ingreffus

410 1247 590 1328 Primates
627 1251 796 1326 Franciae
822 1254 861 1328 in
888 1256 1058 1331 Concilio
1090 1262 1178 1331 Pon·
1271 1253 1334 1342 est,
1361 1261 1463 1326 Anno
1488 1255 1651 1344 Secundo,
1679 1259 1772 1325 Nouo
1791 1249 1954 1325 Kalendis
1974 1253 2038 1320 Fe·

405 1349 612 1448 ,tigonensm
639 1373 678 1428 ut
700 1353 819 1430 videre
838 1356 884 1431 est
902 1359 992 1459 apud
1015 1359 1175 1435 DuChe·
1271 1355 1417 1446 hastario,
1437 1355 1612 1428 indiiiime
1630 1357 1837 1428 duodecuma:
1856 1349 1941 1425 idest
1957 1353 2036 1422 An·

414 1451 531 1526 l'nium
560 1453 599 1527 in
627 1457 829 1532 Annalibus
866 1461 1105 1553 Berrinianis,
1141 1489 1180 1535 ac
1214 1461 1238 1528 B
1272 1483 1316 1526 no
1343 1455 1474 1531 Christi
1505 1459 1810 1532 DCCCLXlllX.
1847 1451 2037 1554 Ejusmodi

413 1551 455 1628 in
491 1555 701 1631 Baronianis
738 1558 781 1632 ad
816 1562 977 1636 eumdem
1008 1570 1179 1638 Annum.

414 1657 549 1730 Carolo
576 1661 695 1732 Calvo
730 1658 887 1736 successit
922 1662 960 1737 in
999 1670 1122 1767 Regno
1149 1668 1178 1739 l·

414 1759 525 1832 taliae
544 1763 806 1852 Carlamamrur;
832 1782 909 1838 tum
932 1767 1065 1841 Carolus
1088 1769 1175 1860 Cras

410 1861 490 1954 sus,
517 1860 580 1959 qui
607 1865 642 1936 dt
671 1861 712 1937 ad
743 1865 965 1966 imperialem
993 1871 1180 1943 Thronum

418 1961 566 2036 subinde
581 2042 585 2048 ,
602 1963 649 2038 est
683 1963 910 2044 sublimatus.
947 1973 1180 2072 Exploratum

415 2063 483 2154 ett,
500 2065 534 2136 dc
550 2062 664 2140 istest
681 2071 844 2142 Romano
861 2070 1059 2162 Pontifice,
1081 2073 1176 2146 Prin·

417 2163 624 2264 cipibusque
636 2167 773 2242 italicis
783 2171 914 2245 eleslos
925 2171 1043 2248 suille.
1059 2178 1180 2267 Quum

417 2290 505 2341 vero
525 2264 721 2368 Anspertus
740 2272 1014 2349 Mediolanensrs
1033 2275 1178 2351 Anchie-

415 2366 582 2470 piscopus
603 2373 853 2466 contenderet,
878 2373 977 2451 suum
998 2377 1183 2478 praecipue
1215 2364 1227 2414 ¹'

415 2469 483 2545 ell'e
511 2475 622 2571 Reges
651 2475 797 2550 Italicos
823 2477 978 2580 eligere3
1006 2480 1180 2568 Johannes

415 2591 536 2648 autem
565 2577 658 2674 Papa
684 2577 740 2678 jus
766 2576 857 2653 illud
894 2579 1112 2680 poriffimum
1141 2580 1174 2654 sr-

416 2674 453 2748 bi
482 2673 668 2770 alsereret,
703 2706 813 2777 quum
851 2681 998 2758 Italicus
1035 2687 1111 2758 Rex
1139 2683 1180 2756 ad

416 2776 645 2878 imperialem
690 2785 872 2857 Coronam
912 2783 995 2860 eliet
1036 2782 1181 2860 subinde

416 2884 1180 3064 llffn{5²232‘2l0l‘⁰lll‘¹¹lt

415 3059 497 3158 rum
536 3083 684 3184 vestigia
723 3087 907 3163 sublucent
947 3088 985 3164 in
1027 3015 1180 3190 lipilloli

420 3204 505 3278 155.
529 3185 564 3256 dr
596 3192 678 3260 181.
706 3187 856 3286 aliisque
882 3189 1053 3280 lobannis
1080 3197 1181 3269 vm.

1271 1555 1491 1631 formulams
1534 1561 1702 1656 Postquam
1742 1556 1849 1654 Papia
1888 1555 2038 1628 Ciuitate

1271 1655 1420 1756 ingreffus
1444 1659 1512 1753 esi,
1550 1659 1661 1735 Tusci
1699 1656 1845 1735 Notarli
1880 1655 2051 1730 familias

1271 1785 1343 1834 rem
1384 1789 1527 1862 quoque
1565 1758 1762 1838 habuerunt
1803 1757 1864 1832 sub
1900 1762 2038 1834 Carolo

1274 1867 1431 1965 Magn03
1460 1891 1608 1962 eamque
1634 1863 1695 1938 etsr
1723 1861 1793 1936 alia
1813 1863 1974 1960 exempla
1996 1862 2036 1938 in

1273 1963 1339 2038 hoc
1365 1969 1481 2066 Opere
1517 1965 1612 2041 edita
1644 1964 1825 2066 prodant,
1862 1989 1957 2037 novo
1983 1983 2038 2037 ta·
2126 2031 2127 2036 ,

1275 2093 1354 2140 men
1382 2065 1627 2142 confirmatam
1664 2066 1822 2164 accipere
1857 2062 2038 2140 neminem

1276 2169 1430 2267 pigebit.
1459 2169 1606 2244 Scilicet
1632 2168 1671 2244 in
1697 2167 1822 2242 eodem
1851 2165 2040 2243 Pistorien-

1277 2268 1315 2344 lis
1342 2271 1550 2346 Illonallerii
1584 2268 1867 2371 Cartophylacio
1893 2295 2041 2370 apogra-

1277 2373 1382 2470 phum
1408 2373 1583 2448 vetustum
1610 2371 1689 2448 vidi
1725 2395 1957 2471 pergamenae
1983 2372 2042 2447 hi·

1275 2471 1326 2548 sce
1353 2475 1449 2552 notis
1485 2473 1660 2575 scriptae:
1699 2474 1842 2548 Karalus
1875 2474 2039 2568 Seressiffi.

1272 2603 1341 2648 mus
1364 2575 1533 2676 Augustus
1557 2581 1580 2649 ἃ
1606 2583 1675 2651 Deo
1700 2575 1816 2646 elesius
1841 2575 1884 2646 θ’
1910 2601 2037 2648 cornua·

1273 2701 1344 2769 tut,
1368 2706 1504 2775 maguus
1523 2679 1567 2750 O*
1581 2676 1734 2776 pacificus
1752 2682 1943 2774 Imperator,
1970 2685 2040 2750 Rs-

1274 2807 1432 2852 maunrum
1464 2807 1653 2878 gunemars
1687 2782 1878 2875 Imperium,
1914 2781 1971 2878 qai
1995 2780 2043 2851 Θ

1273 2882 1482 2976 mrfesicnrdid
1501 2881 1566 2956 Dei
1586 2880 1828 2979 mnuipatentis,
1845 2889 1918 2954 Rex
1932 2887 2041 2956 fram

1272 3011 1373 3056 carum
1387 2987 1430 3057 Θ
1450 2987 1725 3082 Langobardorum
1744 2983 1779 3056 iu
1799 2984 1941 3076 Erasia,
1954 2983 2037 3081 pest.

1272 3113 1366 3184 quam
1383 3089 1491 3184 Papia
1512 3087 1661 3161 Ciuitate
1694 3081 1846 3182 ingreffus
1873 3085 1936 3176 eli,
1959 3093 2037 3158 Aa·

1271 3216 1309 3259 ua
1334 3188 1506 3284 Trigestmn
1532 3215 1633 3278 noun,
1668 3187 1723 3257 die
1754 3186 1907 3283 vigesima
1932 3187 2035 3282 mense

417 3285 556 3360 Summi
569 3285 777 3364 Pontilicis.
794 3291 958 3389 Denique
969 3311 1091 3389 pacata
1103 3293 1182 3368 sunt
1215 3277 1481 3380 DNnvembris‚
1509 3288 1688 3360 tardissime
1705 3287 1797 3379 sexta
1819 3289 1983 3377 feliciter:
2003 3289 2036 3363 i·

416 3387 563 3479 omnia,
599 3389 723 3488 &qui
753 3391 851 3489 plura
879 3391 1038 3491 polliciti
1074 3392 1180 3486 sunt,
1272 3391 1339 3463 dell
1361 3394 1469 3463 Anno
1488 3387 1622 3464 Chrilli
1649 3391 1868 3465 Dcccxll.
1897 3390 1956 3464 lbi
1978 3391 2038 3466 Pi·
2089 3390 2100 3404 “

416 3507 480 3564 aut
508 3492 608 3590 plura
633 3493 817 3584 obtulere,
846 3491 884 3567 in
912 3491 1041 3570 solium
1071 3499 1179 3596 Rega·
1273 3491 1441 3584 llorienlis
1476 3488 1669 3590 Episcopus
1695 3489 1892 3581 Guillerad,
1928 3517 2037 3590 quem

418 3593 454 3667 le
489 3609 594 3693 atque
629 3594 819 3694 imperiale
854 3593 1100 3670 ascenderunt.
1136 3603 1182 3670 Er
1275 3592 1461 3692 Ugbellius
1487 3609 1654 3688 cornspto
1681 3588 1828 3664 nomine
1849 3591 2037 3666 Wlssetsa·

419 3692 565 3792 quidem
601 3697 861 3770 Carlomannus
889 3700 999 3771 Anno
1032 3700 1180 3774 DCCC·
1272 3699 1347 3766 dum
1363 3696 1540 3793 appellat,
1567 3693 1780 3792 Hildeperto
1798 3691 1935 3766 Abbati
1952 3697 2038 3767 Mo·

416 3797 609 3871 Lxxvss.
645 3797 821 3892 optimates
852 3799 969 3871 Italiae
993 3801 1039 3870 ad
1065 3801 1103 3894 se
1126 3831 1180 3874 oe·
1275 3795 1411 3870 nasterii
1431 3794 1551 3870 Sansli
1571 3793 1859 3886 bartholomaei,
1886 3811 1956 3869 tres
1975 3795 2042 3872 do·

293 3977 295 3981 ,
419 3897 543 3969 aientes
562 3897 755 3996 suscpieus,
783 3919 823 3973 ut
849 3898 972 3974 aublor
996 3900 1044 3975 eli
1063 3905 1183 3977 Anna.
1275 3925 1349 3972 mos
1376 3896 1521 3988 vendit,
1558 3895 1752 3998 speblantes
1780 3895 1821 3970 ad
1858 3895 2036 3973 lleradum

416 3995 495 4072 lilla
522 3997 723 4092 Fuldensrs,
750 4000 906 4100 ipsorum
928 4020 1035 4095 vota,
1063 4022 1103 4079 ut
1124 4031 1184 4106 par
1276 4000 1541 4094 Presbyterum,
1568 3997 1632 4098 qui
1658 4017 1728 4072 tres
1755 4017 1837 4072 ante
1860 4025 1970 4074 annos
1989 4002 2040 4073 ass

417 4099 466 4175 est
501 4101 660 4193 credere,
697 4102 741 4177 ad
776 4102 810 4178 se
846 4103 1040 4207 pertraxit.
1077 4111 1124 4180 Et
1151 4108 1181 4182 is
1269 4102 1412 4194 {olitaria
1448 4101 1659 4197 pesrsaastoit
1691 4101 1792 4174 uisa.
1829 4101 1887 4174 Ad
1924 4104 2035 4176 Caro·

417 4201 564 4302 quidem
601 4208 678 4280 Rex
715 4203 826 4280 Anno
861 4207 1068 4305 praediblo,
1109 4235 1181 4283 non
1212 4187 1239 4256 Ε
1271 4209 1342 4278 lum
1371 4203 1530 4278 Crassum
1558 4202 1654 4302 quod
1680 4203 1832 4289 attinet,
1860 4202 1905 4275 de
1929 4229 1971 4276 eo
1998 4229 2034 4278 e·

417 4304 475 4380 uri
505 4309 663 4380 Annales
691 4307 891 4382 Bentinianl
918 4308 1070 4402 habent,
1096 4339 1179 4382 meu-

414 4407 491 4483 daei
516 4407 631 4478 nuntia
654 4409 808 4500 audieus,
834 4412 917 4507 pund
941 4415 1117 4508 imperator
1136 4413 1180 4484 (θ’

415 4516 511 4607 Papa
526 4511 697 4605 Jubannes
723 4510 914 4606 supereum
938 4539 1005 4584 rum
1033 4515 1177 4586 amititu-

417 4613 494 4692 dt'rrs
528 4613 669 4688 maxima
707 4613 893 4686 bellatorum
926 4616 1095 4707 vestirem,
1136 4617 1180 4686 θ

352 4719 358 4728 “
417 4713 484 4812 ipse
512 4718 627 4818 sugam
664 4715 806 4814 arripuit
839 4735 896 4812 per
933 4711 1054 4809 viam,
1087 4743 1184 4815 quam

417 4843 582 4912 venerat,·
598 4818 655 4896 sed
674 4818 796 4920 fugato
816 4819 951 4893 Carolo
968 4819 1085 4894 Calvo
1105 4823 1175 4892 Au·

419 4917 540 5016 gullo,
562 4947 667 5022 quem
687 4947 781 4996 mors
800 4919 840 4996 in
859 4919 987 5005 itinere
1006 4919 1078 5018 poll
1098 4945 1179 5020 pau·

418 5043 480 5102 tos
505 5018 579 5097 dies
604 5024 817 5128 intercepit,
844 5019 981 5126 placide
1007 5021 1179 5097 Ticiuen·

1271 4305 1412 4405 ligando
1448 4303 1583 4405 scriplit
1616 4304 1673 4380 his
1702 4303 1820 4376 verbis
1852 4303 2032 4394 Jobannea

1273 4411 1363 4504 Papa
1385 4409 1501 4499 vul,
1527 4407 1686 4508 Epistola
1713 4425 1795 4499 155.
1817 4406 1857 4477 ad
1879 4404 2034 4501 Ansper.

1273 4529 1346 4584 tum
1369 4507 1686 4609 Ar'cbiepiscopnm
1707 4507 2033 4584 Mediolanensem.

1272 4619 1321 4684 De
1347 4621 1423 4685 ervi
1451 4613 1555 4710 Regis
1579 4610 1749 4703 eteniam,
1784 4632 1821 4683 ut
1846 4638 1951 4684 sumes
1970 4633 2033 4708 pa·

1269 4716 1347 4786 sires
1368 4713 1612 4805 consideremus,
1646 4738 1707 4787 vos
1727 4711 1890 4810 praediiia
1915 4733 2034 4810 resupn-

1269 4843 1299 4888 re
1324 4813 1423 4911 adeffe
1456 4816 1569 4890 valide
1593 4837 1743 4914 φονίας
1772 4817 1828 4886 θ·
1842 4815 1912 4886 ideo
1935 4837 2035 4890 antea

1269 4919 1392 5015 nullum
1418 4918 1533 5018 absque
1557 4917 1658 5007 nostro
1675 4917 1818 5010 consessu
1837 4923 1958 5012 Regem
1975 4921 2033 4988 de·

1267 5021 1346 5092 betis
1379 5020 1534 5118 recipere.
1570 5028 1658 5095 Nam
1692 5017 1777 5117 ipse,
1812 5019 2032 5118 quidnobis

300 5235 303 5242 Δ
408 5117 493 5232 stne
520 5126 655 5230 pm
677 5131 715 5218 ἃς
736 5126 888 5238 Regiam
911 5123 1081 5234 ingressus
1105 5123 1181 5222 est,
1261 5123 1304 5212 ut
1328 5123 1526 5198 ordinandus
1541 5124 1578 5196 in
1596 5122 1788 5222 Imperium,
1812 5121 1944 5198 inams
1958 5123 2030 5221 pria,

1891 5230 1979 5302 mium
