4626 6152
321 439 401 549 381
587 435 1106 526 Dtssttttt'nrto
1157 433 1532 553 ‚QUINCTAE
1735 434 1818 548 382

253 551 309 650 pti
334 556 377 624 ab
401 553 488 625 omni
510 555 662 649 datione,
697 560 743 629 (θ’
765 560 809 632 ab
833 557 920 630 omni
946 557 1025 653 jure
1050 559 1086 632 A
1117 555 1228 646 teslare
1261 558 1304 628 ab
1336 556 1480 626 omnibus
1511 549 1717 627 bominibus:
1740 553 1784 622 θ
1811 575 1881 623 cunr

255 653 431 744 duilium,
463 655 653 752 plateatici,
679 659 726 730 (9·
746 660 921 757 portatici,
954 681 1022 732 tarn
1101 679 1189 756 'pars
1215 657 1313 756 ipsius
1337 655 1591 752 Arcbiepiscopii
1608 654 1768 745 voluerit,
1790 653 1881 750 pore-

258 754 293 824 in
316 755 477 851 personis,
497 761 592 854 qudm
616 759 650 831 in
676 761 828 834 mercibus
846 763 892 832 (9·
916 761 951 832 in
974 789 1017 832 re·
1109 760 1225 848 statem
1250 761 1368 832 babeat
1389 783 1449 854 per
1463 756 1500 848 se
1524 783 1563 828 ea
1586 757 1750 844 defendere
1774 749 1880 850 quali·

258 857 316 928 bus
335 856 427 948 suis,
465 887 544 955 quas
570 861 783 934 intromittent
818 863 851 934 in
879 863 1021 935 Ebulum
1116 884 1162 933 rer
1184 861 1344 953 voluerit,
1364 862 1411 930 <9¹
1432 883 1529 954 neque
1552 859 1576 927 d
1599 858 1688 930 nobis
1711 855 1881 952 noslrisqut

257 957 313 1026 vel
338 961 532 1030 extraxerint
555 963 596 1032 de
620 965 744 1035 eodem.
783 971 832 1036 Et
857 984 893 1034 ut
926 963 1023 1056 isdem
1109 959 1326 1058 successoribus
1347 961 1406 1052 seu
1437 957 1623 1046 heredibus,
1655 980 1749 1054 atque
1775 960 1819 1030 ab
1842 983 1879 1028 a·

256 1057 394 1128 homines
429 1059 564 1154 Vassalli
592 1064 844 1162 Archiepiscepii
869 1065 1018 1160 supradi·
1116 1065 1172 1135 liis
1197 1065 1388 1160 quibuslibet
1413 1059 1591 1133 bominibus
1615 1058 1759 1156 aliquant
1785 1059 1879 1128 mole·

256 1157 302 1228 lli
325 1160 365 1228 de
388 1163 474 1231 omni
496 1163 652 1256 questione
677 1165 721 1234 (θ’
733 1165 875 1262 placito,
894 1191 953 1261 que
971 1153 1021 1237 ini
1110 1166 1206 1252 sliam
1226 1164 1285 1258 seu
1310 1162 1543 1260 requfstlfmm
1564 1186 1602 1229 θ’(
1629 1158 1672 1228 (Ῐῐ
1681 1213 1693 1249 e
1722 1183 1803 1256 qm
1820 1157 1878 1250 su·

256 1278 305 1330 ter
322 1258 360 1352 se
380 1261 569 1354 habuerim,
592 1267 648 1335 vel
671 1287 778 1336 contra
802 1292 874 1356 eos,
895 1291 1016 1360 quomo·
1113 1267 1220 1363 petius
1238 1265 1315 1360 jam
1338 1263 1426 1336 dieto
1450 1259 1707 1356 Arebiepiscopio
1740 1257 1877 1331 concedi·

255 1363 419 1456 ducumque
445 1387 611 1436 moventur
634 1370 678 1438 ab
700 1367 804 1457 aliis,
824 1367 950 1462 semper
972 1394 1017 1438 to·
1116 1395 1208 1457 mus,
1241 1370 1418 1457 donamus,
1455 1365 1504 1433 (9⁶
1533 1361 1776 1454 confirmamus,
1813 1360 1879 1456 ipsc

257 1487 326 1532 ram
346 1461 478 1544 Baiulis
504 1467 547 1535 (Ψ
562 1473 595 1558 J
595 1467 738 1540 uelitibus
762 1467 899 1564 predibli
922 1475 1021 1540 Dorc-
1051 1458 1081 1528 Β
1115 1475 1257 1542 Domnus
1275 1468 1534 1564 Arcbiepiseopus
1552 1464 1598 1533 δ’
1608 1459 1784 1558 successores
1796 1461 1877 1556 suf»

258 1560 295 1632 ni
311 1563 550 1660 mebiepiscopi
578 1569 623 1636 (θ’
640 1565 838 1662 successorum
864 1568 953 1664 ejus,
972 1593 1019 1642 at·
1106 1570 1166 1664 seu
1186 1591 1264 1668 pars
1290 1569 1387 1666 ipsius
1411 1563 1663 1661 archiepiscopii
1682 1564 1875 1660 patiantur,

258 1689 316 1759 que
342 1666 504 1736 memorati
528 1669 763 1767 Archiepiscopi
787 1672 901 1743 debent
926 1672 1023 1743 libere
1104 1671 1164 1765 sed
1190 1673 1226 1744 in
1247 1693 1430 1770 perpetuum
1455 1695 1495 1740 ea
1517 1668 1622 1738 omnin
1642 1664 1796 1755 securiter
1817 1667 1875 1736 ba·

258 1765 449 1837 conveniri.
486 1773 620 1863 Propter
651 1775 735 1868 quod
767 1773 958 1842 concedimus
992 1773 1022 1843 ei
1112 1776 1227 1864 beant,
1252 1774 1450 1869 possideant,
1477 1766 1727 1864 &disponaun
1744 1765 1875 1864 Siquis

257 1867 370 1948 Curius
406 1865 440 1936 in
468 1875 570 1941 Terra
592 1870 694 1956 noslra
713 1873 817 1943 Ebuli
832 1873 928 1968 super
946 1873 1023 1970 ipsis
1104 1875 1191 1964 finti
1231 1875 1394 1946 temerario
1431 1871 1513 1964 ausu
1545 1870 1659 1940 barum
1698 1867 1874 1956 noslrarunt

251 1963 376 2060 semper
398 1994 500 2062 regere
522 1971 567 2040 (9·
591 1972 724 2062 babere,
744 1974 917 2065 seeundum
940 1978 1025 2071 quod
1110 1977 1349 2068 conceffionum,
1366 2051 1369 2056 ,
1384 1974 1591 2047 donationum
1624 1972 1672 2040 v·
1706 1969 1873 2062 confirma-

257 2093 324 2137 eam
354 2067 455 2162 ipseem
479 2072 756 2169 Arebiepiscopum
784 2075 817 2144 in
848 2075 917 2166 ipsa
942 2086 1015 2147 Ter·
1110 2077 1231 2146 tionum
1255 2078 1394 2148 ariolator
1419 2075 1583 2160 extiterit,
1610 2069 1658 2156 sic
1677 2071 1742 2162 sub
1774 2071 1873 2142 male·

256 2192 293 2238 ra
318 2167 420 2253 nostra
447 2173 549 2242 Ebuli
576 2175 724 2245 novimus
749 2172 888 2268 babuisse
914 2177 1016 2249 batte.
1109 2177 1245 2248 dibiione
1271 2177 1405 2250 Domini
1429 2175 1529 2263 noslri
1540 2170 1626 2265 Jesu
1649 2171 1772 2258 Christi
1780 2225 1793 2262 ‚
1827 2170 1873 2241 U·

256 2293 316 2338 nus
343 2270 389 2338 (9⁴
413 2269 550 2344 babere.
584 2280 732 2348 Preterea
764 2280 806 2348 de
821 2277 1022 2367 affluentiori
1108 2282 1130 2348 d
1156 2286 1272 2374 Regno
1299 2279 1358 2370 suo
1385 2276 1575 2375 separetur,
1612 2273 1658 2342 ω’
1689 2299 1758 2345 ‘um
1773 2273 1873 2365 suda

250 2368 364 2464 gratia
389 2379 434 2440 O*
458 2399 544 2446 mera
569 2375 763 2449 liberalitate
791 2377 896 2464 noslra
919 2407 1017 2451 conee-
1047 2371 1080 2442 C
1105 2379 1266 2475 proditore
1290 2381 1323 2451 in
1350 2401 1457 2450 eterno
1474 2376 1614 2474 gehenne
1648 2373 1797 2470 ingendiu
1822 2373 1871 2458 ste

253 2469 360 2540 dimus
383 2499 424 2543 erc
447 2501 548 2565 nunc,
569 2477 614 2546 (Υ
640 2479 674 2548 in
696 2501 880 2574 perpetuum
904 2487 1021 2553 damus
1105 2485 1286 2577 dapnatus.
1313 2485 1444 2552 obnen.
1471 2477 1620 2570 Denique
1640 2496 1698 2572 pro
1716 2475 1870 2566 scuritu-

247 2569 322 2666 sepe
347 2571 433 2644 dibio
458 2580 584 2648 Damno
606 2579 848 2678 Aecbiepiseopo
875 2582 922 2651 Θ·
946 2583 1016 2677 suc·
1106 2601 1140 2650 te
1162 2603 1259 2678 arque
1280 2579 1457 2672 deserosione
1480 2576 1735 2672 fflcbiepiscopii
1752 2573 1871 2672 supra·

253 2667 414 2760 sessoribus
433 2675 523 2766 suis,
552 2699 648 2774 atque
671 2681 927 2779 Arcbiepesaopio
954 2712 1013 2756 me·
1104 2681 1188 2752 diiii
1210 2708 1265 2778 ego
1291 2683 1450 2754 Reuersus
1482 2687 1590 2752 Comes
1617 2703 1776 2750 unacum
1801 2682 1869 2749 Do-

254 2791 373 2842 morato
394 2776 439 2844 (9
462 2777 679 2868 confirmamus
697 2803 869 2874 p.....as
890 2786 930 2855 de
952 2813 1014 2856 orn·
1106 2783 1195 2854 mina
1219 2783 1311 2856 Gilia
1345 2777 1512 2872 Comitiffle
1545 2777 1685 2872 conjuge,
1710 2805 1782 2848 meo
1814 2781 1870 2849 bot

256 2871 351 2940 nibus
375 2875 528 2947 reditibus
554 2879 667 2964 noslris
686 2884 889 2975 platearum,
919 2885 1016 2980 plan·
1105 2888 1286 2977 Preceptum
1303 2882 1383 2974 fieri
1404 2883 1558 2971 serimus,
1592 2880 1636 2948 θ
1662 2878 1723 2949 libi
1739 2882 1770 2966 J
1772 2879 1869 2949 ‘'ill'‘

255 2997 361 3044 surum
407 2975 505 3046 tinbie
541 2977 561 3017 *
597 2982 706 3050 ulente
742 2983 881 3077 predille
921 2985 1021 3072 nostre
1051 3044 1053 3055 e
1108 2984 1146 3054 ni
1178 2983 1314 3055 Notario
1346 2981 1479 3074 scribere
1512 2979 1686 3074 juffiruus,
1722 2979 1769 3048 <9⁶
1800 2999 1868 3049 tam

254 3077 352 3144 Terre
377 3078 503 3168 Ebuli,
538 3079 582 3151 (9·
607 3083 650 3152 de
675 3083 817 3155 omnibus
844 3086 1018 3158 nutrimen·
1053 3072 1056 3083 ι
1108 3084 1237 3155 nomina
1276 3082 1381 3169 noslra
1416 3107 1513 3179 quam
1552 3082 1683 3152 nomina
1709 3080 1868 3172 judicum

252 3171 299 3242 ris
321 3176 534 3268 animalium,
552 3208 613 3278 que
633 3209 688 3254 noe
710 3185 757 3254 (9¹
766 3183 943 3278 successores
962 3212 1015 3258 no·
1104 3183 1314 3282 prodibiorum
1348 3184 1395 3254 (9·
1426 3183 1551 3270 testium
1578 3181 1867 3274 subscribendomm

244 3275 310 3362 slei
330 3281 479 3349 babemus
498 3283 543 3351 Φ
565 3284 734 3355 habuerint
755 3286 790 3355 in
813 3291 920 3358 eodem
938 3295 1016 3360 Ter·
1045 3271 1081 3339 D
1106 3287 1217 3374 testari
1234 3287 1386 3377 serimus,
1406 3285 1451 3354 (9·
1461 3282 1575 3380 sigillo
1593 3281 1693 3370 noslro
1710 3280 1867 3378 sigillari.

252 3401 289 3446 ta
307 3375 351 3448 θ’
365 3381 399 3448 in
415 3379 485 3472 ejus
500 3385 703 3478 pertinentiis
720 3390 986 3487 quomodocunque
996 3417 1015 3478 ,·
1072 3381 1076 3390 ¹
1154 3387 1281 3460 Attum
1314 3389 1358 3458 θ
1391 3383 1606 3478 confirmatum
1643 3385 1678 3454 ln
1703 3384 1842 3470 Callflſtr
1854 3439 1865 3474 2
2011 3445 2014 3452 .

251 3503 288 3548 en
314 3480 436 3550 ratione
460 3504 497 3552 ut
525 3485 634 3558 omnia
654 3486 757 3582 supra
781 3489 873 3560 dibia
895 3517 955 3586 que
980 3493 1015 3562 iu
1104 3491 1187 3586 quod
1204 3494 1323 3559 Murus
1348 3505 1570 3582 nuncupatur,
1593 3488 1718 3575 Anno,
1743 3484 1866 3576 mense,

247 3579 406 3673 presentia
431 3589 464 3674 J
464 3585 590 3656 udieum
617 3588 752 3659 Roberti
784 3591 831 3660 (Ὺ
846 3595 1014 3683 Jobonnis
1105 3592 1152 3661 δ’
1174 3589 1353 3662 Indiblione
1373 3583 1593 3684 supradiliis.

252 3681 296 3746 Θ·
314 3680 437 3764 testium
450 3683 739 3774 subscribendomm
761 3692 943 3765 voluntarie
960 3697 1014 3764 de·
1075 3775 1079 3784 Ι
1154 3697 1230 3786 Qua
1265 3691 1374 3763 omnia
1412 3716 1468 3785 ego
1500 3693 1530 3778 J
1531 3687 1669 3758 obannes
1710 3685 1875 3776 Notarius·

249 3777 355 3850 dimus
381 3781 426 3849 Φ
459 3785 651 3854 concedimus
674 3791 932 3886 Arcbiepiscopio
957 3795 1011 3886 su·
1207 3791 1341 3879 Caslelle'
1366 3797 1406 3862 de
1433 3794 1532 3861 Mure
1559 3786 1699 3886 scripsi,
1733 3789 1780 3859 (9·
1802 3813 1867 3860 meo

245 3877 413 3975 pradiblo,
442 3880 567 3978 semper
591 3883 663 3968 sint
688 3885 779 3978 juris
813 3893 860 3962 69*
882 3894 1014 3966 ditionis
1199 3891 1295 3986 figno
1312 3890 1473 3986 signavi.

249 3979 349 4075 ipsius
372 3983 624 4080 Architpiscopii
648 3985 695 4056 (9·
717 3989 882 4074 Paslorum
915 3992 1010 4087 ejus,
1156 3995 1200 4084 tit
1228 3997 1299 4088 Ego
1337 3995 1493 4062 Robertuc
1527 3995 1638 4060 Comes
1662 3988 1868 4088 supradiHus

250 4082 294 4151 Θ·
315 4083 496 4178 poteslatem
521 4086 660 4159 babeant
682 4091 723 4160 de
746 4090 791 4160 eis
814 4093 938 4188 semper
958 4095 1012 4185 fie-
1209 4093 1297 4181 islud
1319 4091 1483 4182 confirmo.

249 4209 315 4254 tere
331 4189 414 4280 quod
429 4187 613 4282 voluerint,
636 4195 681 4262 ad
703 4192 878 4268 utilitatem
898 4197 942 4266 (θ’
958 4198 1011 4270 bo·
1042 4171 1071 4240 E
1154 4199 1201 4287 eir
1238 4197 1309 4292 Ego
1343 4193 1437 4266 Gilia
1469 4187 1636 4287 comitissa
1668 4191 1754 4281 islud
1786 4193 1869 4266 idern

249 4309 354 4356 norem
377 4308 561 4384 perpetuum
585 4292 840 4388 olrcbiepiseopii
863 4324 1011 4371 memora·
1160 4325 1163 4330 ·
1205 4297 1357 4394 approbo.
1821 4304 1826 4314 '

248 4384 297 4462 ri.
324 4393 457 4482 Propter
476 4394 559 4487 quod
579 4415 642 4488 per
663 4394 798 4480 noslram
819 4400 934 4469 bonam
954 4427 1010 4470 vo·
1154 4403 1200 4490 {e
1226 4403 1299 4494 Ego
1323 4397 1383 4494 qui
1399 4395 1502 4494 firpra
1526 4397 1684 4468 Robercur
1698 4402 1734 4489 J
1731 4398 1839 4469 udan.

248 4487 406 4559 luntatem
431 4490 752 4567 &convenientiam
776 4499 1011 4595 promittimus,
1155 4505 1201 4589 ᾧ
1227 4503 1300 4596 Ego
1323 4499 1381 4594 qui
1398 4498 1499 4595 supra
1514 4499 1684 4586 sobonnes
1700 4498 1840 4588 sudet.

249 4590 293 4658 &¹
316 4611 377 4684 per
397 4589 519 4678 serbiam
535 4593 775 4690 stipulationem
801 4598 888 4672 dillo
912 4607 1009 4672 Dom-
1154 4606 1198 4688 up
1214 4605 1287 4694 Ego
1301 4603 1425 4670 Melius
1444 4603 1483 4670 de
1497 4599 1635 4670 Tabella
1654 4596 1864 4689 isludfirmo.

246 4716 287 4760 uo
311 4691 553 4788 Arabiepiscopo
581 4715 641 4788 pro
670 4719 765 4792 parte
791 4700 854 4792 sua
880 4703 923 4772 (t
949 4709 1008 4774 Ec·
1155 4707 1199 4792 offic
1227 4709 1299 4797 Ego
1315 4707 1348 4792 J
1347 4707 1484 4773 ohannes
1509 4700 1588 4794 Pipe
1616 4697 1701 4786 islud
1724 4701 1838 4784 tollor.

245 4792 333 4876 elesie
349 4793 406 4881 sue
429 4793 604 4890 obligamus
630 4824 686 4868 noc
708 4799 882 4898 nostrosque
895 4802 1006 4894 succes·
1156 4809 1199 4895 ᾧ
1228 4809 1302 4900 Ego
1336 4803 1431 4894 Ursus
1467 4804 1506 4872 de
1532 4807 1686 4872 Curauna
1710 4803 1764 4870 boc
1788 4796 1864 4871 vidi

241 4892 328 4983 sores
344 4896 389 4964 θ’
413 4897 540 4968 heredes
560 4898 690 4988 annua,
711 4901 853 4995 qualiter
865 4903 1014 4999 superius
1205 4908 1253 4977 Θ·
1274 4905 1419 4992 audivi,
1446 4904 1492 4974 (J
1515 4902 1601 4988 testis
1619 4901 1712 4993 som.

239 4992 361 5090 scripta
377 4995 481 5089 sunt,
498 4996 622 5095 semper
644 5000 709 5096 ipfi
730 5009 852 5076 Domno
875 5005 1010 5076 Arebie·
1155 5007 1197 5090 ἦ
1215 5013 1247 5077 Ε
1243 5033 1285 5102 go
1300 5007 1454 5076 Geroldus
1466 5007 1505 5074 de
1518 5000 1667 5094 Contursi
1676 5001 1761 5090 ceslis
1774 5002 1865 5090 firm.

243 5095 386 5192 piseooo,
420 5098 545 5195 ejusque
573 5099 814 5196 succesoribus,
841 5108 887 5177 Θ·
906 5107 1009 5202 parti·
1150 5105 1316 5204 Ejusdem
1346 5103 1564 5205 Diplomotis
1591 5105 1726 5186 mentio
1749 5103 1796 5178 cst
1819 5104 1862 5178 in

244 5197 303 5268 lus
323 5197 421 5297 ipfius
437 5203 688 5304 alrebiepiscopii
704 5205 869 5300 defendere
890 5209 936 5280 <t
953 5191 1035 5284 ami
1080 5201 1211 5302 saltere
1236 5206 1392 5298 Charta,
1418 5231 1525 5306 quam
1551 5201 1726 5308 subjicio.
