4602 6136
476 457 566 546 ¹35

422 647 527 724 donis
553 649 734 728 referunt.
769 651 902 728 Multis
928 652 1009 728 sane
1034 653 1188 730 tenebris

421 749 533 826 obsita
573 751 620 826 est
667 751 913 854 Chronologia
957 753 998 828 in
1041 753 1187 828 llatuen·

350 889 356 900 ·
420 851 468 926 ‹lo
496 851 612 948 primo
638 857 750 926 Anno
783 880 857 928 non
895 853 1010 958 Regni
1046 853 1186 948 solum,

419 953 479 1030 sed
503 957 538 1028 ba
567 953 714 1054 Imperii
737 955 938 1032 Guidonis.
963 955 1118 1032 valetus
1138 955 1184 1031 se·

420 1075 553 1156 quotus
590 1057 748 1130 Annales
783 1057 997 1151 Fulclenser,
1031 1081 1072 1134 ac
1107 1061 1183 1132 Me·

419 1157 557 1248 tenses,
585 1158 807 1258 Reginonem
833 1185 874 1233 ac
900 1160 1013 1252 elios,
1040 1158 1186 1252 scribit,

420 1259 545 1334 eodem
571 1263 710 1352 Anno,
746 1287 819 1360 quo
855 1263 1085 1364 hogerius
1109 1266 1188 1338 Rea

415 1364 550 1436 ltaliae
590 1359 831 1438 consalutatus
864 1364 942 1458 est,
983 1365 1186 1442 Gnidonem

786 427 1177 554 aurinum
1225 427 1450 520 arun
1495 425 1668 519 Arar
2036 541 2040 551 ‚

421 555 503 640 tur,
522 551 557 624 δι
578 542 744 650 Sigonius
762 549 874 626 noster
894 551 1084 628 visionem
1102 551 1190 628 Gui·
1214 553 1246 628 Α
1273 553 1395 648 telogo
1420 546 1625 650 Episcopor.
1650 548 1847 626 Mutinens.
1874 577 1951 652 pag.
1977 571 2039 650 19·
2151 567 2175 584 ”

1885 444 1970 550 136

1274 649 1422 726 exhibet
1456 649 1629 751 Diploma
1656 651 1809 750 ejusdem
1835 653 2039 730 Gnidonis·

1277 759 1401 827 Derane
1427 757 1469 825 Χ.
1503 753 1673 826 Kalendas
1706 755 1911 843 Decembrrr,
1945 755 2041 826 radt-

1276 853 1375 928 Hiene
1409 861 1452 926 X.
1484 861 1587 926 Area
1621 856 1856 928 iucarnationis
1889 855 2042 928 Domini·

1277 984 1329 1030 aar
1354 955 1588 1032 ncccxcu:
1609 963 1782 1052 Regaaere
1805 961 1945 1028 Doraieo
1968 955 2041 1026 Wi-

1277 1062 1356 1132 dore
1382 1059 1418 1131 in
1444 1057 1569 1148 ltalia,
1592 1063 1698 1156 Aaron
1715 1057 1826 1155 Regni
1842 1057 1911 1152 ejas
1930 1063 2042 1156 ⁸Quae·

1277 1181 1331 1251 ra,
1356 1159 1488 1258 Imperii
1513 1161 1641 1234 Primo.
1676 1159 1750 1234 Sub
1772 1159 1889 1234 oculis
1914 1162 1947 1232 n
1972 1183 2044 1260 ego

1279 1260 1388 1337 habui
1421 1261 1581 1336 eamdem
1618 1285 1865 1362 pergamenam
1897 1259 2044 1334 existen·

1280 1381 1354 1438 tem
1378 1363 1418 1438 in
1445 1363 1645 1438 Tabulario
1670 1361 1897 1436 Cathedralis
1928 1361 2046 1436 Muti·

421 1491 567 1562 quoque
598 1465 761 1540 eumdem
790 1465 853 1540 srbi
880 1464 1029 1542 titulum
1065 1465 1186 1540 allum·
1216 1471 1244 1544 B
1280 1461 1412 1556 nenlir,
1446 1465 1482 1538 &
1511 1463 1769 1564 autographam
1804 1461 2046 1561 deprehendi.

415 1565 515 1656 usse,
531 1564 598 1638 boc
618 1565 664 1640 cll
679 1569 789 1642 Anno
804 1569 1185 1644 Dcccuxxxvnt.

420 1665 607 1742 Marianus
627 1685 745 1742 autern
764 1667 802 1742 id
821 1665 955 1743 fanum
973 1685 1099 1760 earm,
1111 1669 1183 1746 An·

419 1793 469 1842 no
497 1765 746 1867 subsequente.
774 1767 893 1870 Ipsum
920 1775 1009 1844 verb
1034 1773 1183 1870 Impera·

417 1887 535 1944 torem
551 1889 707 1946 creatum
723 1873 833 1945 Anno
855 1873 1112 1948 DCCCXCII.
1126 1896 1181 1946 eu·

418 1969 498 2044 Elor
523 1969 570 2044 est
595 1970 797 2047 Credinalis
825 1975 1019 2050 Batonius.
1044 1975 1181 2048 Contra

421 2073 578 2168 Pagina,
605 2071 867 2163 Mabillonius,
894 2101 935 2147 ac
962 2073 1050 2164 alii,
1076 2075 1184 2148 Anno

419 2171 659 2244 DCCCXCI.
677 2169 906 2272 Augustalem
930 2173 1109 2249 (luidonis
1127 2199 1182 2248 co·

419 2269 646 2346 renationem
673 2273 858 2348 tribuunt.
884 2277 993 2350 Diem
1015 2283 1102 2350 vero
1127 2301 1183 2350 co·

419 2369 624 2448 tonationis
650 2371 698 2448 iis
723 2373 888 2476 ignotum
908 2376 1052 2468 videas,
1078 2404 1182 2477 quern
1216 2387 1233 2456 (

420 2493 542 2548 tamen
565 2473 732 2574 Sigonius
751 2501 851 2552 meus
869 2477 963 2553 rebbo
989 2477 1184 2554 indicarat.

419 2577 502 2675 Ego
535 2574 678 2674 aliquot
710 2582 851 2653 rantum
879 2599 1016 2656 ueteres
1048 2581 1185 2656 tabulas

420 2675 461 2750 in
497 2673 589 2750 hanc
613 2704 688 2752 rem
723 2678 914 2756 indicabo.
951 2685 993 2756 In
1020 2681 1185 2758 Lucenfis

419 2775 654 2876 Episcopatus
692 2781 857 2858 Archino
896 2787 1071 2858 Chartam
1106 2784 1180 2857 vidi

418 2885 523 2952 Arna
549 2883 610 2952 lll.
638 2883 797 2954 Gaidaais
823 2887 1047 2980 imperaturis,
1073 2886 1185 2957 Pridie

421 2983 591 3056 Kalendas
606 2984 806 3074 Decembris,
823 2985 1000 3058 lndiblione
1010 2991 1087 3059 llll.
1102 2984 1184 3060 scri·

309 3157 311 3162 ,
421 3099 542 3180 ptam,
583 3079 650 3156 hoc
686 3084 732 3160 eli
767 3089 878 3160 Anno
913 3091 1186 3163 ncccxcm.

417 3180 559 3256 Eodem
585 3185 697 3258 Anno
730 3203 872 3262 exarata
898 3187 946 3261 cll
979 3188 1065 3264 baec
1099 3191 1179 3264 alte·

1280 1564 1338 1640 lbi
1371 1591 1457 1640 vero
1492 1564 1713 1664 Episcopus,
1751 1563 1810 1640 cui
1846 1563 2047 1638 concellum

1279 1665 1351 1742 fuir
1376 1665 1446 1742 hoc
1481 1665 1743 1768 Privilegium,
1772 1664 1961 1739 ,Leadaa‘aac
1988 1687 2050 1764 rp-

1281 1770 1460 1866 pellatur,
1478 1793 1550 1842 non
1578 1786 1696 1844 autern
1723 1767 1941 1840 Leodaindas.
1963 1769 2047 1838 Mo·

1279 1896 1486 1971 nogramma
1520 1869 1701 1946 Guidonia
1736 1893 1821 1944 cum
1853 1865 1913 1942 his.
1946 1864 2050 1942 notia

1280 1973 1417 2070 legitur

1311 2137 1563 2507 ᾧ
1636 2377 1705 2448 ciac
1722 2377 1768 2448 ad
1785 2376 1886 2446 uicem
1901 2373 2047 2444 Helban·

1383 2472 1502 2613 V
1636 2482 1665 2552 ci
1687 2473 1977 2552 Arcba'caacellaria'
1997 2497 2050 2542 re·

1636 2578 1770 2675 cognovi
1792 2577 1838 2648 Ο·
1855 2572 2047 2670 subscripsi.

1279 2687 1400 2756 Datum
1420 2689 1462 2754 X.
1481 2682 1654 2754 Kalendas
1670 2679 1871 2768 Decembris,
1892 2674 2047 2749 Indibile-

1278 2811 1319 2854 ae
1335 2791 1374 2856 Χ.
1390 2789 1493 2856 Anno
1512 2782 1745 2858 incarnationis
1757 2778 1894 2855 Domini
1908 2779 2048 2850 DCCC·

1278 2888 1468 2958 Lxxxxt.
1493 2889 1665 2976 Regnanre
1690 2888 1817 2963 Damno
1848 2879 1989 2950 Wdanr
2009 2877 2050 2946 ia.-

1280 2984 1379 3058 ltalia
1398 2992 1501 3058 Arra
1522 2990 1668 3079 Quarta,
1688 2981 1818 3082 Imperii
1830 2979 1961 3053 Pane.
1973 2978 2045 3049 De·

1280 3102 1400 3188 ceptus
1423 3083 1471 3160 est
1495 3083 1732 3186 Sillingardue
1752 3082 1794 3157 in
1815 3076 2052 3155 exscribendo

1280 3191 1389 3262 Anno
1407 3184 1572 3286 Epochae
1596 3183 1774 3284 vrrlgaris,
1793 3209 1836 3256 eo
1855 3179 1954 3277 quod'
1969 3203 2046 3251 non

1637 2073 1777 2170 signam
1793 2072 1917 2144 Domni
1931 2069 2048 2142 Wrda·

1639 2175 1691 2246 uis
1703 2171 1888 2266 Jereaifflmi
1909 2175 2048 2266 Impera·

1637 2276 1734 2348 roris.
1747 2273 1925 2364 Gadfredas
1942 2275 2067 2368 Nae,

420 3308 487 3372 ra,
531 3304 659 3381 netnpe
691 3293 797 3360 Anna
835 3291 895 3360 Ill.
932 3290 1054 3361 Damni
1090 3289 1186 3377 aajlri
1219 3295 1249 3362 D
1278 3287 1359 3362 satis
1388 3285 1668 3376 animadvertit,
1691 3283 1733 3358 in·
1760 3281 1971 3379 Diploorate
1996 3277 2043 3350 li.

421 3383 601 3472 Gaidoeis,
632 3387 745 3482 grarid
780 3389 844 3460 Dei
879 3390 1080 3486 Imperatoris
1109 3399 1183 3462 Aa·

416 3484 527 3582 gusti,
565 3489 620 3559 Vl.
656 3490 827 3562 Kalendas
852 3491 969 3582 Julii,
1008 3489 1185 3562 lodiblr'aae

421 3589 482 3660 Xl.
509 3586 569 3662 Ad
598 3590 745 3663 Annum
773 3593 1025 3666 DCCCXCll.
1051 3589 1184 3692 speblat

421 3687 529 3760 tertia
554 3688 752 3788 conscripta
776 3699 881 3764 Anao
913 3697 960 3764 ll.
984 3693 1104 3764 Donni
1130 3720 1182 3764 aa·

412 3785 479 3875 jlri
495 3789 654 3860 Gaidam'a
677 3793 899 3887 haperaroris,
927 3798 999 3866 XV.
1023 3795 1186 3867 Calendas

421 3888 635 3983 Septembris,
662 3891 839 3964 laaifa'aa
865 3901 905 3966 X.
933 3897 1071 3988 Quarta
1098 3895 1183 3970 rese·

421 3988 529 4064 renda
555 3987 602 4065 eli
632 3992 677 4066 acl
703 3997 851 4068 Annum
888 3998 1123 4072 Dcccxcr.
1149 4001 1184 4072 8<

422 4087 524 4165 hasce
559 4091 845 4196 chronologicas
872 4115 976 4173 notas
1010 4097 1180 4192 praefert:

1277 3406 1388 3462 teram
1424 3386 1542 3461 lineae
1568 3381 1759 3484 superioris
1785 3403 1968 3454 excurrere
2001 3377 2044 3450 in

1278 3487 1507 3564 inferiorem:
1546 3511 1655 3584 quam
1692 3479 1933 3558 excursionem
1966 3476 2046 3576 ipse

1277 3617 1341 3692 pro
1357 3586 1497 3663 unitate
1514 3585 1673 3684 recepit.
1687 3584 1770 3659 illie
1787 3607 1874 3682 ergo
1890 3581 2043 3656 stateem

1280 3692 1345 3765 dus
1357 3693 1487 3784 Annua
1506 3689 1741 3763 DCCCXCI.
1754 3683 1851 3782 quod
1868 3685 1905 3756 δι
1923 3683 1969 3756 ab
1984 3685 2044 3754 ln.

1279 3790 1439 3866 biblione
1464 3787 1663 3864 indicatur:
1695 3815 1739 3863 eo
1764 3783 1937 3885 liquidem
1961 3786 2045 3858 An·

1279 3919 1350 3985 no,
1371 3889 1495 3966 Mense
1512 3889 1738 3988 Septembri,
1762 3888 1947 3962 decurrere
1961 3909 2043 3960 coe·

1277 3995 1330 4094 pit
1367 3989 1524 4066 Indibiio
1561 3991 1737 4066 Decima.
1776 3985 2042 4088 corrigendum

1244 4152 1246 4156 -
1273 4093 1383 4170 simili
1410 4092 1550 4168 ratione
1575 4092 1623 4168 est
1648 4095 1798 4167 alterum
1826 4087 1929 4190 ipius
1949 4086 2041 4160 Gui-

422 4197 526 4266 asaro
549 4195 660 4268 Prima
685 4198 814 4294 imperii
838 4200 960 4273 Damni
983 4201 1080 4288 nostri
1103 4203 1179 4273 Gai·
1216 4195 1380 4272 Edonis
1414 4195 1585 4294 Diplorua
1621 4193 1712 4294 apud
1747 4189 1936 4266 Baluzium
1961 4189 2041 4262 To·

420 4294 536 4383 doris,
560 4297 675 4390 grarid
701 4301 767 4370 Dei
792 4303 967 4396 Imperator
988 4302 1181 4398 Augustas,

423 4397 499 4470 ΧΠ.
514 4398 683 4476 Kalendas
695 4403 907 4495 Septembris,
932 4401 1108 4476 indibliare
1121 4408 1179 4477 ΙΧ.

421 4499 544 4591 Quare
577 4495 831 4594 apertiffimum
866 4501 934 4594 cll,
969 4521 1051 4577 ante
1086 4503 1179 4577 diem

422 4601 678 4698 xxv1.Maji
705 4601 807 4676 Anni
835 4607 1068 4680 Deccxcr.
1093 4605 1180 4679 Gui-

421 4699 550 4776 donem
577 4701 677 4778 suilse
702 4701 888 4781 Caesarem
913 4707 1180 4782 renuntiatum.

423 4805 557 4881 Verbrn
583 4803 772 4884 haedere
797 4805 948 4882 certiora
975 4833 1179 4884 monumen·

1274 4323 1335 4372 mo
1349 4301 1399 4371 11.
1419 4297 1621 4396 Capitular.
1639 4323 1718 4396 pag.
1741 4315 1849 4384 1521.
1868 4287 1931 4363 ubi
1950 4287 2039 4367 haec

1272 4402 1306 4474 le
1330 4415 1465 4480 untur:
1506 4399 1688 4470 llelbancaa
1723 4391 2040 4468 Arabicaecellarire
2139 4439 2142 4452 ·

1273 4424 1523 4588 (scribendum
1561 4495 1790 4596 Herba-eas).
1817 4501 1946 4568 varam
1974 4499 2037 4570 lll.

1271 4604 1444 4676 Kalendas
1466 4599 1591 4695 Jalii,
1624 4595 1804 4672 ladillirne
1838 4603 1902 4670 IX.
1932 4603 2037 4671 Anne

1272 4701 1505 4778 laearertimie
1518 4699 1703 4774 Dominicae
1717 4703 1943 4775 occurren.
1955 4701 2034 4767 Aa·

1272 4832 1312 4878 aa
1329 4805 1451 4878 Damni
1468 4803 1640 4897 Wdonis,
1657 4805 1768 4904 Regni
1784 4803 1853 4899 ejas
1869 4801 1950 4870 llll.
1969 4800 2034 4884 lm·

422 4913 459 4974 ta
479 4899 570 4982 infra
587 4907 755 4986 indicabo
771 4907 812 4984 in
827 4910 1078 4985 Differtatione
1097 4909 1178 4986 Tri·
1267 4909 1352 5004 peria’
1370 4901 1415 4981 ll.
1435 4905 1577 4981 Vitiata
1595 4898 1676 4984 heic
1693 4905 1834 5000 videtur
1852 4894 2034 4992 Indibiio,

413 4999 549 5101 ‚gefima
575 5013 770 5102 Quartade
793 5013 971 5112 Diplanrar.
1007 5012 1116 5108 Quod
1134 5011 1179 5086 eli
1270 5011 1305 5082 δι
1346 5007 1556 5084 restituenda
1591 5010 1750 5092 Decima,
1785 5027 1875 5102 quae
1911 4999 2032 5078 mense

328 5116 339 5134 '
423 5101 467 5182 ed
484 5105 613 5185 Annos
631 5115 768 5219 Regni,
794 5112 1027 5222 Silliagardue
1052 5113 1092 5194 in
1110 5117 1178 5194 Ca·
1266 5109 1373 5204 lunio
1398 5110 1501 5188 Anni
1528 5108 1782 5188 ncccxcn.
1806 5101 1881 5180 sola
1915 5129 2031 5180 curre·

1894 5205 1979 5285 bat.
