4534 6164
527 451 653 554 a„
829 429 1220 549 ANTIQUJT.
1271 429 1497 520 nourr
1545 427 1726 516 naut
1979 447 2092 551 656

518 559 637 630 italiae
660 551 775 652 punire
800 577 865 624 teos
888 551 928 624 de
953 577 1033 622 more
1058 549 1180 638 vetulis
1261 553 1349 626 A&
1386 545 1553 648 aliqualis
1589 548 1699 622 etiam
1740 545 1939 646 splendor
1988 551 2161 630 transiit

518 657 668 746 Debuit,
695 653 810 750 injuste
834 653 961 726 uiiiriti
986 653 1108 752 tegitur
1133 653 1212 726 Urbi
1316 654 1357 727 ad
1372 653 1478 728 aliam
1497 649 1645 751 speciem
1660 651 1904 722 Palatinarum
1925 654 2161 746 Comitum,

521 761 564 829 Ut
582 759 720 832 modicus
735 754 860 850 seruire
877 756 994 850 eliens,
1018 757 1165 855 nulloque
1183 779 1227 828 tt·
1317 783 1403 852 quoa
1428 751 1574 828 subinde
1597 751 1635 826 in
1662 752 1803 826 italiam
1827 751 2052 826 inveSios
2085 781 2158 828 no·

445 926 450 935 .
620 858 697 930 litto
1321 858 1454 932 vimus.
1481 855 1546 930 Uti
1573 853 1668 928 enim
1697 853 1735 927 in
1763 855 2001 928 Germania
2039 883 2159 955 prae-

507 963 594 1053 Jutt
610 959 705 1050 sibi,
741 959 900 1036 Dominae
933 961 1046 1034 otetuit
1076 960 1231 1034 mandata
1318 979 1371 1032 ter
1391 955 1658 1032 celeberrimum
1684 955 1827 1056 Regalis
1853 956 2037 1030 Palatii
2070 961 2154 1032 Co·

612 1063 786 1162 superbae.
1321 1059 1442 1134 mitem
1455 1113 1466 1150 ,
1479 1057 1542 1156 qui
1562 1083 1654 1130 nunc
1673 1064 1783 1129 Comes
1799 1059 2025 1132 Palatinus
2048 1067 2153 1130 Rhe.

1318 1161 1352 1232 ni
1377 1162 1594 1262 appellatur,
1620 1159 1861 1256 illustremque
1896 1159 2056 1234 adbuc
2086 1165 2148 1234 io·

466 1267 567 1342 Haec
593 1265 823 1356 Guarinus,
854 1265 898 1340 de
922 1265 1105 1341 Tieinenir
1133 1266 1229 1342 Urbe
1318 1289 1398 1338 curn
1425 1281 1521 1336 tenet
1548 1260 1642 1334 inter
1667 1259 1753 1334 sacri
1783 1261 1986 1336 Romani.
2005 1265 2148 1360 Impe-

466 1368 637 1462 ioquens,
668 1393 757 1466 quae
793 1366 855 1442 fibi
884 1369 1068 1442 Comitem
1099 1367 1227 1442 Palatii
1309 1363 1363 1437 'rii
1390 1362 1591 1454 Elesiores,
1616 1363 1842 1449 invaluerunt
1867 1362 1919 1436 in
1953 1367 2143 1438 ea'i'ro·

465 1465 686 1542 subdiderat.
712 1473 816 1544 Nune
840 1468 1056 1569 adirejuvat
1083 1467 1224 1544 nobilii-
1268 1461 1437 1539 Buincia
1465 1463 1610 1564 quidam
1647 1463 1710 1538 aiii
1736 1464 1890 1536 Palatini
1931 1467 2140 1556 Comites,

466 1565 591 1642 fimum
621 1597 742 1644 eorum
780 1590 979 1670 temporum
1011 1571 1227 1647 Historicum
1317 1565 1488 1666 ejusmodi
1525 1566 1634 1640 titulo
1664 1564 1772 1640 alicui
1807 1565 1975 1665 regioni
2024 1593 2136 1668 prae·

466 1673 640 1746 Orionem
688 1671 937 1775 frisingensem
983 1673 1228 1774 Episcopum,
1320 1667 1423 1743 teeti:
1446 1667 1497 1741 ita
1520 1667 1555 1740 bt
1579 1666 1670 1766 apud
1698 1668 1807 1742 italos
1830 1665 1993 1743 laetum
2026 1667 2133 1743 fuit.
2235 1729 2236 1760 p

465 1769 607 1846 horest
642 1773 809 1864 sontem,
846 1775 937 1850 unde
971 1777 1094 1850 omnia
1121 1775 1230 1849 ierme
1322 1768 1520 1845 Etenimin
1541 1771 1664 1868 Regno
1679 1768 1992 1868 Apuliae‚nunc
2021 1775 2128 1846 Nea·

465 1871 523 1946 sua
548 1871 659 1950 haufit
684 1875 909 1951 Guntberus.
937 1879 990 1949 ita
1015 1877 1079 1952 iiie
1098 1877 1142 1952 de
1160 1882 1227 1951 Ge·
1321 1871 1438 1966 polis,
1480 1869 1541 1946 iub
1591 1869 1817 1970 Principibus
1861 1873 2124 1946 Nor-mannis

465 1973 523 2046 ilis
547 1975 720 2049 Friderici
740 1981 769 2050 1.
787 1977 872 2052 Lib.
894 2002 929 2051 2.
947 1981 1036 2078 Cap.
1060 1985 1118 2054 18.
1141 1983 1225 2053 Der·
1320 1975 1433 2046 multo
1457 1971 1496 2046 in
1518 1973 1652 2047 honore
1670 1971 1811 2046 suerunt
1835 1977 1994 2046 Comites
2015 1981 2117 2046 Lau·

465 2072 613 2145 eitonam
636 2074 842 2172 loquentem
867 2076 1027 2168 inducit,
1050 2081 1084 2151 &
1105 2079 1147 2153 de
1166 2079 1227 2154 ci.
1319 2075 1442 2164 reteili,
1468 2071 1570 2146 simui
1596 2073 1765 2174 appellati
1790 2077 1934 2149 Comites
1963 2075 2117 2150 Palati·

464 2172 579 2246 vitate
615 2173 797 2248 'sitinensi
840 2177 972 2250 talibus
1014 2205 1224 2278 conqueren·
1319 2175 1374 2262 ni,
1400 2200 1551 2269 quorum
1579 2201 1706 2248 munus
1736 2174 1962 2274 subsequaris
2005 2197 2111 2250 tem·

465 2289 561 2347 tem:
599 2281 646 2347 Te
672 2275 772 2373 ipsam
798 2304 860 2350 non
887 2278 1031 2376 respicis,
1059 2308 1138 2377 puae
1165 2287 1227 2353 Lu·
1320 2273 1460 2362 poribus
1477 2275 1634 2349 excidit.
1652 2275 1759 2350 Vidit
1777 2278 1813 2350 ἂ
1830 2277 1962 2352 Tuscia
1986 2277 2107 2351 suum

463 2375 583 2448 sellun
604 2375 741 2476 (scribe
760 2381 965 2478 Lumellunr)
987 2383 1151 2478 imperiale
1168 2391 1226 2481 Op
1260 2373 1291 2442 C
1320 2377 1519 2450 Palatinum
1559 2376 1745 2452 Comitem
1784 2381 1911 2454 Seruio
1948 2377 2105 2454 cursui

462 2477 598 2572 pidum,
634 2507 751 2578 magna
777 2483 822 2554 (it
847 2481 970 2570 robusta
997 2483 1137 2580 equiturn
1163 2512 1225 2558 ma.
1316 2477 1606 2554 Tertiodeeimo.
1629 2484 1669 2551 ln
1686 2479 1818 2554 Charta
1836 2481 1935 2556 Anni
1954 2483 2103 2556 MCC·

464 2603 509 2648 nu
529 2577 711 2674 llipatum,
745 2583 897 2656 Palatini
921 2585 1056 2655 Comitis
1089 2587 1140 2657 rui
1173 2586 1226 2660 h..
1319 2583 1450 2654 Llilli.
1485 2579 1577 2680 apud
1615 2582 1826 2681 Ugbeiiium
1868 2586 1949 2660 ital.
1991 2587 2101 2657 Sace.
2228 2608 2230 2644 l

464 2677 619 2751 bitatione
646 2681 801 2780 inclytum
827 2685 896 2757 oc.
932 2687 977 2757 ad
1008 2687 1109 2777 [stiunt
1137 2687 1230 2784 usque
1316 2683 1423 2754 Tom.
1451 2703 1487 2778 3.
1521 2707 1600 2782 pag.
1629 2688 1713 2760 818.
1739 2687 1775 2760 bt
1812 2691 1898 2774 824.
1924 2683 2099 2762 occurrit

459 2778 648 2876 prosternere
670 2810 730 2856 non
754 2785 918 2860 timueris.
941 2786 1063 2862 Fusius
1085 2787 1128 2873 eli
1152 2788 1226 2874 ille,
1317 2781 1452 2856 mentio
1487 2783 1736 2857 Aidobsanrlini
1771 2790 1811 2859 de
1846 2795 1982 2879 Souna,
2024 2785 2098 2860 Dei

461 2885 618 2956 INTER
642 2889 855 2961 iTALiAE
878 2893 1131 2964 PROCERES
1153 2893 1224 2962 No.
1314 2883 1518 2984 providentii
1544 2885 1578 2956 iu
1605 2887 1720 2982 Tuscia
1749 2888 1884 2962 Comitis
1909 2889 2095 2963 Palatini.

463 2987 755 3078 BiLilliMUl',
780 2989 1076 3086 inquilinorum,
1100 2992 1226 3088 quide·
1320 2987 1411 3058 idem
1450 2984 1542 3059 inira
1582 2985 1677 3062 bunc
1719 2989 1864 3065 titulum
1901 2990 2089 3088 praefert:

462 3087 534 3160 istit
558 3083 615 3182 effe
640 3093 874 3164 DOMiNUi'.
906 3095 1034 3164 Reddit
1059 3093 1123 3166 tibi
1147 3121 1228 3165 nune
1317 3093 1387 3184 Ego
1406 3089 1651 3162 ildebrandinus
1669 3097 1777 3164 Corues
1797 3094 1861 3166 Dei
1879 3097 1999 3190 gratini
2017 3099 2090 3165 Pa·

459 3184 631 3282 veiiigal,
658 3189 710 3262 eui
735 3210 771 3262 tu
796 3191 958 3289 Principis
982 3195 1084 3266 vitem
1104 3197 1229 3292 gerenti
1315 3191 1457 3279 latinus,
1476 3187 1593 3280 filius·
1608 3195 1765 3288 quanm
1792 3199 1890 3267 bonae
1915 3194 2092 3266 notoriae

460 3285 604 3382 veiiigal
625 3291 802 3384 persolvere
819 3293 962 3386 solebas.
993 3295 1108 3368 Videat
1130 3297 1224 3368 Ptin·
1257 3297 1291 3367 D
1314 3290 1448 3362 Comitis
1475 3291 1635 3364 Willeirni
1669 3296 1821 3382 Threiciae
1849 3297 1983 3367 Comitis
2014 3301 2090 3368 Pa·

462 3407 530 3484 seps
550 3389 595 3460 o
611 3389 875 3480 animadvertat,
899 3423 963 3492 qun
981 3397 1138 3486 honestato
1149 3397 1225 3490 sui,
1315 3393 1433 3466 latini.
1458 3391 1544 3490 Ejus
1568 3413 1682 3467 autem
1706 3393 1779 3464 iiiia
1804 3393 1842 3463 in
1867 3395 1949 3463 aliis
1973 3397 2091 3465 tabu·

462 3489 651 3589 imperiique
673 3493 805 3588 bonnm
831 3495 930 3594 ipsius
952 3499 1050 3572 lateri
1071 3500 1228 3588 judicium
1318 3493 1363 3566 lis
1386 3491 1524 3590 scriptis
1546 3499 1652 3566 Anno
1670 3493 1986 3566 tuccnxxxvt.
2011 3517 2087 3565 vo·
2218 3504 2219 3526 ¹

460 3593 500 3664 aie
514 3597 678 3667 iTALil'
693 3599 820 3669 laturus
836 3599 986 3690 afficient.
1006 3601 1126 3674 Multa
1143 3599 1226 3673 hinc
1316 3611 1416 3666 catur
1440 3595 1577 3682 illustris
1599 3595 1642 3665 (9¹
1667 3593 1792 3690 egregio
1816 3593 1956 3667 Domina
1980 3599 2087 3666 Mar·
2220 3598 2222 3643 ³

461 3693 525 3764 iux
552 3693 723 3766 obvenire
749 3695 859 3788 potest
888 3697 957 3782 iis,
984 3725 1073 3792 quae
1109 3697 1224 3774 tntte.
1311 3693 1444 3790 (oboritur
1467 3692 1633 3792 Camiriffo
1659 3695 1693 3768 in
1726 3697 1866 3789 Titulcia
1898 3696 2083 3772 Palatina.
2219 3728 2220 3734 ¹

461 3817 526 3863 nus
553 3790 741 3868 attulimus
768 3793 811 3868 de
836 3797 958 3868 Comite
982 3799 1129 3874 Palatii.
1155 3805 1224 3876 De·
1317 3796 1591 3873 Hildebrandini
1615 3825 1725 3898 nuper
1749 3797 1937 3873 memorati
1960 3797 2080 3871 Fami·

460 3889 619 3968 sumebat
644 3893 697 3989 is,
734 3915 775 3972 ut
802 3895 872 3997 jam
902 3925 985 3975 mox
1013 3901 1138 3990 innui,
1166 3931 1222 4004 ap.
1316 3899 1363 3970 iia
1398 3896 1494 3972 inter
1527 3898 1827 3998 praeclariffimas'
1849 3897 2077 4000 potentesque

462 3995 690 4090 pellationem
719 4003 737 4074 b
767 4003 870 4098 Regio
892 4002 1053 4088 sitinensi
1077 4007 1226 4080 Palatio.
1318 3998 1477 4074 Etruriae
1505 4005 1775 4096 numerabatur,
1804 4003 1937 4104 quippe
1963 3998 2078 4075 domi·

460 4099 547 4169 Erat
573 4103 790 4196 Nobilfflmur
817 4104 996 4178 italicorum
1020 4108 1224 4202 Principum.
1318 4127 1401 4175 nans
1427 4101 1584 4178 Civitati
1614 4103 1827 4197 Rosellenit,
1853 4129 1946 4178 nunc
1971 4097 2079 4176 Gros-

458 4199 648 4298 Tanquam
679 4207 930 4304 imperatoris,
958 4207 1028 4281 sive
1056 4207 1163 4307 Regis
1192 4211 1224 4280 i·
1255 4227 1284 4298 Ε
1317 4201 1474 4296 setanae,
1502 4203 1650 4304 aliisque
1676 4206 1851 4306 Oppidis.
1886 4209 2008 4303 Atque
2034 4199 2076 4275 ad

458 4302 567 4379 taliae
593 4301 759 4380 Vitarius
784 4307 821 4380 in
849 4335 888 4382 ea
914 4311 1010 4384 Urbe
1036 4328 1143 4409 atque
1166 4307 1224 4382 ad·
1317 4302 1427 4402 ipsam
1446 4303 1662 4381 referendum
1684 4309 1751 4382 esse
1770 4335 1849 4382 reor
1863 4307 2077 4382 Hildebran·

459 4405 656 4505 jacentibus
697 4404 979 4499 dominabatur,
1019 4437 1059 4486 ae
1100 4410 1225 4484 tributa
1316 4406 1398 4480 dum
1434 4407 1585 4510 ejusdem
1624 4407 1899 4484 Hildebrandini
1928 4401 2077 4482 sortaiiis

460 4509 698 4612 percipiebat.
735 4511 867 4582 Verum
900 4509 986 4609 quid
1015 4538 1085 4585 non
1115 4511 1226 4610 potest
1317 4511 1466 4602 Arum,
1506 4509 1604 4611 cujus
1645 4510 1853 4586 memoriam
1896 4509 2076 4585 servarunt

459 4607 1222 4690 humanarumrerumiiuxaronditio?Non
1317 4611 1419 4686 nobis
1458 4613 1625 4714 antiquae
1662 4614 1803 4688 tabulae
1837 4613 1875 4687 in
1913 4607 2075 4685 Archivo

459 4711 545 4790 haec
572 4713 685 4790 solum
722 4715 898 4814 dignitas,
929 4713 983 4788 ssd
1010 4715 1084 4818 ejus
1112 4717 1222 4792 etiam
1316 4711 1514 4808 Hospitalis
1539 4717 1664 4791 domus
1684 4713 1830 4791 Saniiae
1853 4713 1992 4790 Mariae
2015 4713 2072 4783 Se·

458 4829 587 4891 nomen
613 4819 739 4892 Seruio
759 4815 890 4893 Christi
917 4817 1139 4894 Duodecimo
1166 4844 1218 4919 pe·
1315 4813 1447 4908 nenfis,
1470 4842 1556 4916 quas
1581 4817 1661 4895 heic
1685 4817 1872 4920 adjungere
1899 4839 1969 4891 non
1995 4810 2074 4888 inu·

457 4917 554 4992 nitus
573 4945 617 4994 ex
643 4920 771 4996 italico
790 4924 913 5020 Regno
938 4920 1104 4995 evanuit:
1127 4918 1223 5020 quod
1316 4915 1382 4990 tile
1399 4917 1488 4992 erit.
1510 4923 1578 4998 Eas
1602 4923 1711 4998 debeo
1733 4921 1862 4998 Nobili
1883 4920 1975 4996 Viro
1999 4919 2077 4990 liu·

457 5037 577 5092 tamen
596 5019 638 5095 de
653 5017 774 5095 Crinito
795 5021 923 5097 Palatii
942 5021 1116 5109 Tirinenfis
1137 5021 1221 5095 dun·
1316 5018 1415 5092 berto
1443 5021 1692 5125 Benvogiienti
1733 5021 1887 5098 Patritio
1918 5015 2077 5111 Senensi,

458 5137 558 5196 taxat
584 5119 721 5198 diuum
757 5129 862 5200 volo.
897 5125 1041 5201 Etenim
1069 5147 1222 5214 nomen,
1315 5121 1412 5223 cujus
1439 5123 1499 5199 etfi
1525 5123 1600 5203 sato
1629 5125 1743 5202 tonui
1775 5125 2016 5298 multiplicedrp
2043 5147 2078 5198 e·

1928 5249 1970 5300 ru
1996 5247 2026 5298 t·
