4532 6154
296 473 378 562 573
539 412 1138 532 'nrsssurnrro
1208 423 1492 517 susan.

1704 463 1789 553 574

147 639 150 642 ,
234 564 356 638 manni
392 556 552 636 feliciore
588 557 733 635 audacia
759 585 819 634 eos
845 559 888 634 ab
915 556 994 632 uni·
1085 544 1292 643 Privilegia,
1308 547 1544 622 &Marchiarn
1559 550 1845 633 incomirarntsn

234 664 332 740 uersa
358 662 524 765 regione,
549 689 638 762 quae
666 666 827 763 Regnum
855 664 996 762 Neapo-

237 766 390 842 litanum
412 791 505 838 nunc
525 762 731 854 constituit,
757 763 854 839 abire
877 751 996 862 colge·

235 887 338 942 runt.
363 866 548 939 Vocabulo
566 867 683 938 ltaliae
702 863 943 966 significabant
968 863 998 938 ii

235 970 354 1060 idem,
374 966 467 1066 quod
488 970 730 1064 langobardiae
749 993 879 1041 nornen
898 967 998 1068 supra

236 1091 495 1160 memoratum,
522 1067 592 1143 fise
613 1069 809 1170 Apuliam,
835 1071 870 1143 sc
897 1069 997 1166 quid-

237 1171 324 1274 quid
349 1170 386 1244 in
407 1169 452 1244 iis
480 1171 637 1268 partibus
663 1171 817 1272 ipsorum
847 1169 999 1271 imperio

239 1271 440 1348 accesserat.
457 1271 639 1350 ,Pendebat
659 1273 792 1364 adhue,
819 1289 860 1347 ut
878 1271 946 1346 hoc
965 1299 998 1346 e·

238 1373 328 1450 tiam
344 1399 529 1465 moneam,
551 1400 595 1448 ex
615 1371 679 1448 isto
695 1375 902 1474 Diplomate
922 1375 996 1447 bul·

238 1480 272 1549 ls
300 1475 486 1566 plumbea,
512 1474 552 1549 in
580 1501 649 1574 qua
676 1476 762 1550 haec
790 1472 995 1576 epigraphe:
1029 1517 1058 1588 B

235 1589 502 1675 PPHl'OPH
512 1643 672 1674 ........
693 1589 865 1671 ΘΗΚΑ
878 1631 997 1671 ......

238 1719 376 1804 ΑΝωΙ
416 1715 663 1800 ITAAIAC
683 1768 924 1804 .........
957 1714 999 1796 O

237 1851 469 1938 POMANI
488 1903 618 1933 .......
640 1849 745 1936 HC.

288 1976 391 2067 Quae
416 1975 502 2045 verb
538 1969 654 2044 forent
689 1969 779 2042 olins
815 1966 994 2044 Marchio·

238 2099 323 2150 num
360 2074 436 2174 jura
463 2073 501 2148 in
536 2069 710 2144 Marchiis
746 2073 765 2142 l
801 2069 835 2144 se
870 2069 997 2162 restis,

236 2174 399 2273 quisnam
426 2172 529 2246 nobis
552 2171 713 2244 edisserat
738 2170 777 2243 in
803 2187 902 2246 tanta
923 2197 994 2244 mo·

237 2292 487 2350 numentorum
510 2291 667 2346 veterum
696 2269 863 2372 penuria?
891 2277 997 2347 Suum

200 2427 203 2434 .
239 2375 380 2450 Fiscum
421 2373 490 2448 five
530 2377 717 2448 Camenam
754 2372 854 2446 suill'e
889 2373 996 2447 etiarn

237 2475 510 2554 Marchionibus
522 2494 656 2574 praeter
670 2473 808 2547 Fiscum
828 2473 997 2572 Regium.

237 2577 388 2654 fortaffis
426 2577 580 2652 elucebit
617 2573 708 2648 insta
735 2601 777 2646 ex
805 2573 873 2665 iis,
910 2601 998 2671 quae

237 2682 379 2754 afferam
416 2677 455 2750 in
484 2675 662 2749 Dissertat.
693 2679 807 2750 nvn.
832 2678 871 2747 de
890 2678 998 2770 Falco.

238 2779 422 2874 Quaedam
449 2778 560 2852 etiam
588 2777 744 2868 tributa,
781 2777 997 2878 vesligalia,

239 2883 275 2954 δι
312 2907 425 2955 annua
460 2887 553 2952 dona
588 2879 639 2952 eis
674 2879 840 2953 destinata
877 2880 997 2972 suissc,

239 2982 332 3056 mibi
360 2979 566 3080 persuadeo.
593 2979 918 3056 Civitatesltaliae
938 3009 995 3080 po·

239 3083 329 3172 stea,
357 3080 398 3155 ad
425 3082 627 3156 libertatem
664 3082 889 3173 anhelantes,
925 3084 995 3183 eju·

238 3184 353 3260 smodi
380 3183 456 3282 jura
482 3205 543 3258 aut
575 3209 634 3276 per
661 3181 736 3256 vim
764 3183 827 3259 sabi
854 3185 993 3260 asserue-

239 3307 352 3377 runt,
389 3305 449 3360 aut
477 3285 623 3384 pecunie
650 3283 839 3384 Augustis,
875 3284 997 3387 ipfisve

238 3385 511 3464 Marcbionibus
537 3387 677 3476 oblati,
709 3386 747 3458 in
784 3386 880 3462 suam
906 3405 997 3462 tran·

237 3490 360 3564 slulere
380 3487 578 3562 ditionem.
608 3488 834 3562 Ptolomaeus
861 3493 995 3564 Lucen-

238 3591 281 3665 fis
309 3589 347 3664 in
375 3589 576 3661 Annalibus
612 3587 653 3660 ad
681 3593 830 3664 Annum
867 3589 996 3666 christi

237 3693 453 3766 MCvaL
471 3687 556 3759 haee
575 3685 701 3760 habet:
728 3692 886 3762 Dominus
904 3695 998 3762 Guel-

234 3793 293 3883 sus
318 3795 397 3862 Dure
421 3789 632 3882 spoletanus,
669 3791 817 3860 Marcbio
843 3793 1000 3884 Tusciae,

239 3892 390 3986 Princeps
414 3888 608 3977 Sardiniae,
637 3888 681 3959 (9⁸
706 3891 862 3963 Dominus
879 3900 1001 3967 Domus

239 3986 424 4087 Comitsffae
458 3989 664 4079 Marandis,
699 3991 836 4083 conceffit
869 3993 1002 4079 LueenJi

236 4093 407 4168 Cornmuni
438 4111 497 4190 per
525 4089 738 4187 priuilegium
766 4115 884 4164 omnem
913 4093 999 4188 juri.

233 4197 425 4292 sdissionem
463 4194 510 4266 ad
543 4191 601 4288 jus
634 4192 804 4265 Manubiae
838 4196 1000 4292 pertinen.

237 4319 324 4388 rem,
359 4298 404 4368 θ
428 4297 474 4371 ad
498 4302 635 4369 Domum
669 4291 851 4389 Comiciffae
873 4298 1001 4396 praedi·

238 4397 331 4486 uae,
366 4396 453 4472 incra
471 4398 530 4490 sea
552 4395 712 4470 milliaria
736 4395 885 4484 Lucensis
909 4404 999 4492 Com·

239 4499 365 4572 nonnis.
402 4501 456 4571 Ita
490 4497 669 4574 Henricus
703 4495 799 4573 inter
824 4501 1000 4600 Augustos

240 4598 420 4696 Quinblus
456 4601 567 4672 Anno
600 4602 778 4674 MCXCl.
805 4600 860 4675 uti
896 4601 999 4676 habe·

237 4718 299 4778 tur
325 4700 363 4776 in
390 4699 562 4776 Annalib.
589 4697 762 4776 Genusus.
788 4703 909 4776 Tomo
934 4705 1000 4778 Vl.

240 4831 319 4904 pag.
346 4801 434 4903 364.
464 4805 544 4875 Rer.
579 4802 735 4877 Italicae.
771 4801 1000 4880 confirmavit

241 4903 479 4981 Genuenfibus
517 4923 637 4978 uererer
674 4903 923 4998 Censrrerodines
957 4905 999 4978 O·

1088 646 1155 723 hoc
1174 646 1220 722 est
1238 647 1316 750 jus,
1335 647 1430 745 quod
1449 647 1624 728 habebant
1642 655 1732 731 olim
1747 659 1848 732 Mar·

1088 749 1233 826 chioncs
1270 748 1309 824 in
1348 749 1537 827 Comitatu
1576 758 1748 833 Genuae.
1787 758 1848 836 Ad

1088 855 1236 926 Annum
1262 877 1405 950 quoque
1430 856 1694 930 MCLxxxv.
1721 857 1773 933 ibi
1800 863 1850 936 le.

1089 952 1187 1055 gitur
1222 951 1397 1052 persoluta
1422 957 1573 1028 medietas
1597 959 1848 1054 consueuerint,

1090 1057 1173 1153 qnod
1207 1061 1377 1127 Commune
1410 1056 1535 1150 soluere
1575 1063 1759 1153 tenebatur,
1791 1085 1851 1160 pra

1091 1183 1150 1254 qno
1189 1157 1364 1250 Marthae,
1406 1159 1451 1228 Θ
1486 1160 1635 1232 introiens
1667 1165 1851 1242 Communis

1088 1277 1178 1330 erant
1196 1259 1400 1331 creditoribus
1417 1260 1552 1358 pignore
1577 1264 1715 1362 obligari
1722 1292 1738 1334 .·
1764 1264 1850 1338 idest

1091 1359 1224 1434 reditus
1249 1359 1340 1432 olim
1378 1357 1571 1460 spasiantes
1598 1364 1639 1438 ad
1667 1365 1852 1440 Marchio.

1089 1487 1192 1553 nem,
1227 1461 1263 1533 δι
1299 1463 1405 1556 longe
1440 1482 1543 1542 antea
1577 1464 1615 1538 in
1645 1469 1852 1566 Rempubli·

1091 1587 1167 1635 cam
1194 1561 1413 1637 Genuensem
1442 1566 1628 1641 translati.
1656 1569 1762 1664 Quod
1792 1570 1852 1645 de.

1090 1667 1198 1764 nique
1224 1666 1415 1764 repetitum
1443 1668 1552 1758 volo,
1589 1668 1642 1744 uti
1669 1671 1849 1745 Comitatus

1091 1767 1182 1840 olim
1222 1764 1334 1840 scindi
1371 1767 1489 1870 coepti
1529 1768 1623 1845 fuere
1659 1771 1696 1846 in
1734 1773 1851 1872 plures

1093 1865 1294 1964 portiones,
1319 1865 1447 1965 quibus
1466 1869 1573 1943 eriam
1595 1875 1772 1966 Comitatus
1790 1901 1854 1948 no.

1093 1994 1172 2042 men
1207 1967 1373 2042 relislum
1409 1968 1505 2044 suit:
1545 1971 1596 2046 ita
1622 1976 1657 2048 dt
1685 1977 1852 2049 Moechiae

1091 2068 1299 2144 divisionem
1326 2069 1406 2142 sunt
1432 2071 1565 2170 passae,
1602 2073 1785 2176 praecipue
1812 2077 1852 2152 in

1092 2169 1293 2271 subalpinis
1312 2171 1516 2272 regionibus
1534 2173 1576 2248 ad
1596 2175 1850 2253 Occidentem.

1093 2276 1279 2372 Propterea
1324 2272 1363 2345 in
1407 2293 1565 2347 ueterum
1611 2279 1852 2355 monumentis

1092 2374 1239 2446 celebris
1265 2371 1373 2446 evaht
1407 2375 1560 2446 Marabia
1585 2381 1826 2470 Montisserrari
1838 2436 1851 2474 ,

1092 2473 1243 2544 Marchia
1269 2472 1423 2568 Ebarejae
1448 2471 1506 2549 seu
1533 2473 1729 2574 Eporediae,
1757 2509 1851 2560 nunc

1094 2577 1232 2663 snurea,
1259 2599 1300 2647 ac
1326 2573 1451 2650 deinde
1478 2599 1667 2676 eruperunt
1686 2587 1851 2660 Marabio.

1093 2702 1146 2748 nes
1171 2675 1310 2768 Boscbi,
1345 2676 1492 2774 Segufii,
1528 2682 1677 2772 Salutii,
1713 2692 1848 2780 Ceuae,

1092 2778 1319 2871 Crauesanae,
1350 2781 1501 2864 ¹Carrecri
1539 2783 1607 2856 &a
1649 2787 1854 2859 Marabiones

1095 2878 1256 2972 Essenjes,
1292 2879 1526 2976 hesaiaspinae,
1562 2882 1608 2953 Θ·
1639 2887 1852 2964 Palavicini.

1093 2977 1276 3054 Marchiam
1316 3007 1457 3080 quoque
1491 2988 1640 3057 savonae
1679 3011 1857 3085 memoraq

1092 3105 1164 3155 tam
1199 3081 1283 3156 vide
1318 3080 1356 3156 in
1393 3083 1601 3182 Diplomate
1636 3085 1786 3165 Hencici
1824 3097 1843 3171 s

1095 3181 1245 3284 Augusti
1267 3186 1378 3258 Anno
1403 3185 1535 3264 Christi
1570 3186 1715 3265 mxlv.
1741 3195 1852 3273 Tom.

1091 3311 1128 3381 4.
1156 3287 1237 3360 Ital.
1262 3289 1356 3360 Sacc.
1392 3286 1431 3362 in
1457 3286 1621 3392 Episcop.
1650 3283 1853 3369 Savdnenfi.

1094 3389 1181 3462 bus.
1217 3385 1327 3462 Hisce
1361 3389 1528 3465 omnibus
1563 3391 1746 3490 antiquior
1781 3395 1852 3472 suit

1092 3489 1247 3560 Marcbia
1270 3489 1441 3566 Tridenri.
1469 3491 1535 3568 Sed
1561 3493 1731 3592 quoniam
1759 3493 1850 3572 sabla

1092 3589 1183 3664 mihi
1212 3587 1349 3664 mentio
1378 3591 1425 3665 est
1460 3597 1629 3667 Moechiae
1663 3598 1853 3687 Montisfcr.

1092 3691 1178 3782 rari,
1214 3715 1320 3790 quarn
1356 3692 1551 3793 egregii&
1587 3695 1851 3775 celebratissimi

1095 3791 1273 3892 Principes
1293 3791 1532 3884 illustrarunt,
1551 3795 1851 3896 quemadmodum

1093 3891 1224 3964 constat
1242 3917 1286 3966 ex
1307 3892 1464 3968 Historia
1491 3897 1710 3992 Benevenuti
1730 3901 1750 3973 l
1769 3903 1855 3976 San·

1091 3990 1357 4093 frescengias,
1393 3995 1428 4066 δι
1456 4020 1498 4069 es
1527 3995 1608 4072 aliis
1635 3995 1852 4078 Historiish

1093 4118 1149 4168 me
1175 4092 1281 4167 editis
1307 4092 1346 4166 in
1369 4093 1597 4170 Colleslione
1624 4101 1753 4174 Rerum
1782 4105 1853 4180 lta.

1093 4193 1269 4270 licarum:
1308 4193 1432 4269 addere
1461 4196 1560 4296 juvat
1588 4197 1758 4275 Chartam
1786 4211 1851 4276 Ba.

1092 4297 1205 4388 nisacii
1243 4299 1305 4372 sss.
1344 4300 1545 4372 Marcbionis
1585 4301 1852 4396 Montisserrari,

1091 4398 1153 4497 qui
1180 4395 1310 4472 samam
1338 4396 1433 4472 suam
1465 4427 1526 4498 per
1551 4401 1737 4477 Orientem
1764 4403 1853 4477 dila.

1090 4495 1209 4573 tavit.
1245 4503 1293 4572 Et
1319 4497 1418 4574 istam
1445 4501 1554 4576 debeo
1583 4499 1853 4602 supralaudato

1092 4597 1240 4674 Praelidi
1277 4605 1422 4674 Senatus
1460 4599 1715 4691 Taurinenfis,
1757 4600 1853 4677 scili.

1090 4717 1146 4775 cet
1172 4700 1314 4776 Comici
1340 4702 1530 4777 Ludovico
1553 4699 1719 4777 Caisotto
1746 4702 1853 4782 bons.

1091 4828 1169 4879 rum
1195 4801 1398 4878 Literarum
1424 4802 1563 4881 eximio
1589 4801 1810 4906 promoturi.

1695 5152 1808 5280 aon.
