4534 6164
441 473 527 580 '571

777 454 1166 575 aunuente.
1203 455 1427 548 nunus
1457 458 1636 550 aurs

1852 495 1932 584 572

416 705 685 804 Confirmatio
715 705 860 820 jurium
891 710 990 799 sacri
1021 703 1255 800 Monastetii
1286 713 1501 802 Cabneobs
1530 711 1573 801 in
1603 711 1759 802 diuerso
1789 713 1961 830 Apuliae

581 825 782 943 Urbibus,
810 825 912 918 sabia
941 831 965 918 b
996 822 1192 937 Gregorio
1222 829 1508 946 Protospatatio
1536 835 1576 921 bt
1607 836 1813 950 Catapano

949 949 1125 1056 Italiae,
1142 947 1266 1038 Anno
1300 981 1429 1040 tono.

448 1187 616 1258 Ecnndnm
643 1187 816 1262 Februarii
848 1188 980 1280 mensis,
1008 1204 1147 1262 currente
1175 1185 1337 1286 A-aqua,
1364 1192 1409 1262 (θ’
1433 1190 1608 1266 territerie.
1635 1195 1684 1264 Et
1709 1189 1743 1262 in
1768 1191 1995 1286 pertinentium
2108 1251 2111 1258 .

471 1287 704 1364 Tertiadecima
738 1291 935 1382 indiliione,
961 1292 1061 1366 Anni
1084 1298 1148 1363 Sex

1232 1293 1272 1362 de
1297 1293 1443 1365 Ciuitate
1468 1294 1659 1366 Minerviae
1685 1293 1719 1362 in
1744 1293 1915 1384 Pelunole,
1939 1291 1996 1368 ubi

383 1388 491 1462 Milia
516 1390 718 1488 Quingentos
741 1392 836 1466 otta.
871 1393 1146 1490 Compellarionem
1232 1392 1275 1478 eli
1299 1392 1438 1480 Ecclesia
1462 1393 1577 1467 Sansii
1601 1393 1784 1466 saianans
1810 1395 1844 1465 in
1861 1395 1996 1487 ’'temita-

379 1487 458 1579 fecit
483 1491 573 1563 nobis
597 1497 738 1566 Maurus
762 1496 942 1569 Monachus
966 1523 1004 1566 ese
1028 1500 1146 1568 Mona·
1235 1492 1299 1568 rie.
1335 1500 1385 1567 Er
1419 1496 1453 1567 in
1488 1497 1636 1570 Ciuitate
1670 1495 1861 1588 Tranenfis,
1889 1497 1933 1567 (9·
1959 1497 1994 1568 in

377 1588 475 1677 flerio
508 1593 622 1664 senili
647 1594 816 1669 Beneaibts'
841 1599 881 1668 de
917 1602 1033 1670 Monte
1059 1595 1146 1682 Cast·
1236 1595 1346 1686 Villa,
1369 1623 1428 1693 que
1453 1597 1560 1686 elide
1578 1597 1725 1672 Ciuitate
1750 1598 1842 1694 ipsa,
1867 1623 1925 1694 que
1946 1625 1995 1668 co·

385 1690 475 1778 nensi
500 1691 602 1788 juxta
635 1703 846 1793 Cappuanam
882 1702 1015 1788 Urbem,
1046 1699 1149 1771 dicen·
1229 1698 1436 1792 gnominatur
1460 1702 1600 1791 Andre,
1623 1699 1738 1772 vineae
1753 1700 1833 1791 sunt
1856 1699 1995 1792 desertae

385 1794 483 1886 dnm,
508 1815 545 1868 nt
569 1823 592 1868 a
606 1798 715 1894 plures
736 1799 875 1873 bominac
898 1801 942 1872 (θ’
965 1801 1149 1890 Civitates,
1234 1797 1278 1868 Φ·
1302 1798 1430 1890 alivae,
1456 1801 1502 1871 (θ’
1525 1801 1611 1874 aliae
1636 1799 1756 1897 br'ginti
1772 1799 1893 1897 septem
1904 1829 1925 1889 ,·
1950 1799 1995 1872 (9¹

386 1921 465 1991 quae
494 1895 574 1988 sunt
603 1900 809 1995 pertinentiis
842 1902 961 1975 italiae
985 1923 1043 1999 pro
1066 1901 1151 1974 diiio
1233 1897 1267 1970 r'n
1294 1899 1360 1995 ipso
1385 1901 1498 1994 Rivo,
1524 1903 1580 2000 qni
1603 1923 1736 1976 warns
1758 1905 1798 1974 de
1823 1902 1889 2000 ipsa
1916 1907 1994 1974 Mo·

389 1999 585 2086 Monaslerio
608 2001 797 2076 hereditates
820 2003 937 2094 haba,
956 2004 1001 2075 θ
1015 2027 1072 2103 per
1093 2031 1147 2074 ve·
1235 2001 1352 2092 nacho,
1388 2004 1568 2077 territorio.
1602 2006 1770 2078 Proitterea
1803 2004 1856 2076 hec
1887 2003 1994 2082 omnia

385 2116 465 2166 teres
486 2125 585 2171 annos
603 2103 787 2174 dominavit
806 2103 840 2174 in
852 2103 1057 2200 supradiiins
1074 2110 1146 2178 Mo·
1179 2095 1207 2165 Β
1228 2101 1290 2192 sub
1300 2155 1414 2176 ......
1442 2129 1497 2176 nos
1527 2105 1761 2202 perquirentes,
1788 2105 1832 2176 (θ’

387 2196 562 2284 nasterins,
587 2200 632 2270 (ν’
654 2203 741 2275 modo
764 2223 849 2276 tenet
871 2197 949 2278 illas
967 2208 1074 2302 plnres
1096 2208 1146 2279 lto·
1228 2229 1300 2298 gertr
1326 2203 1528 2293 invenimus,
1554 2207 1637 2301 qnod
1660 2206 1796 2302 antiqua
1820 2127 1915 2298 effiist
1937 2209 1995 2277 do·

385 2297 485 2369 mines
509 2298 625 2400 insulse
648 2306 692 2374 θ
715 2308 884 2398 pervim.
913 2310 1003 2380 Unde
1027 2309 1071 2380 (Ψ
1093 2332 1150 2406 per

378 2397 523 2497 fingulos
543 2401 674 2500 quosque
695 2407 864 2480 Cartalam
887 2409 976 2481 nobis
999 2411 1145 2498 monstra·

384 2500 459 2575 erit.
484 2509 595 2598 ⁸Quane
616 2506 662 2578 Ο·
681 2507 801 2580 direxit
823 2511 863 2580 de
881 2509 1072 2606 presentium
1096 2540 1146 2585 no·

378 2602 457 2690 lires
483 2610 614 2677 Petrum
639 2615 755 2680 Romes
779 2610 890 2682 Curris
913 2612 1072 2710 dignitati
1095 2641 1147 2687 no·

378 2703 446 2792 sire
472 2705 506 2776 in
541 2705 689 2780 Ciuitate
713 2708 847 2801 Lifina,
873 2732 911 2782 ut
934 2741 958 2786 a
981 2721 1080 2788 Porta
1115 2718 1150 2788 in

386 2803 548 2879 Civitatis
585 2837 607 2880 a
637 2807 725 2898 foras
759 2812 940 2910 ubicumque
975 2816 1150 2888 dominium

386 2907 502 2979 babuit
527 2907 562 2980 in
588 2909 674 2982 diiio
708 2914 845 3010 exemplo
869 2915 983 2990 sanna·
1009 2921 1148 2992 Benedi-

385 3005 432 3078 tii
442 3064 453 3100 ,
478 3036 546 3082 cnm
569 3030 687 3108 quanto
706 3016 846 3089 dominia
868 3018 944 3092 ilinc
966 3021 1082 3112 babet,
1107 3022 1151 3094 Θ·
1176 2989 1208 3062 C

386 3109 533 3184 deintus
554 3112 624 3210 ipsa
642 3117 789 3190 Ciuitate
810 3117 896 3211 Casa
917 3123 1048 3215 diruta,
1074 3122 1151 3212 idest

387 3209 432 3282 θ’
456 3212 570 3286 vineas
594 3215 754 3312 desertas,
784 3219 825 3290 b*
849 3241 950 3297 terras
975 3226 1020 3295 ti·
1044 3226 1148 3316 bena,

388 3311 432 3382 (9⁸
458 3313 493 3384 ire
519 3313 682 3410 flumine,
708 3319 765 3416 qui
798 3323 981 3398 nominatur
1010 3329 1149 3399 Lauria-

384 3432 469 3509 pra,
490 3415 638 3513 piscare,
671 3447 751 3519 quae
785 3422 832 3494 ihi
864 3425 977 3509 abun,
1005 3425 1050 3498 θ’
1082 3427 1153 3502 alia

385 3513 531 3610 piscare,
559 3547 639 3617 quae
666 3523 848 3596 nominatur
872 3525 987 3598 Saniii
1011 3527 1149 3598 Renedi·

386 3612 449 3688 lii.
476 3623 525 3690 Et
561 3621 594 3691 in
618 3625 823 3717 pertinentiis
855 3627 895 3696 da
920 3625 1068 3696 Ciuitate
1094 3631 1148 3696 A·

380 3715 469 3805 senio
486 3718 521 3788 in
542 3721 686 3806 Villam,
704 3745 785 3816 qnae
806 3723 1041 3816 cognominatur
1063 3727 1148 3798 Lan·

387 3812 507 3906 niano,
534 3816 708 3908 claustrie,
744 3819 921 3908 territoria,
947 3842 1062 3918 putea.
1103 3831 1152 3898 Et

1898 2131 1914 2176 r
1947 2105 1993 2176 le.

1233 2304 1367 2376 minatio
1397 2303 1780 2400 presa'sl'i‘Monalierii,
1806 2307 1850 2376 Θ
1873 2330 1931 2404 pro
1956 2331 1995 2380 u·

1233 2429 1397 2502 nequaque
1419 2407 1633 2478 dominatione
1642 2457 1773 2495 .......
1798 2407 1861 2478 laco
1885 2405 2000 2480 senaa

1233 2509 1311 2598 bat,
1335 2507 1380 2577 Φ·
1403 2527 1441 2580 ut
1464 2507 1557 2600 dixi,
1579 2509 1660 2604 quad
1682 2507 1768 2603 ipsas
1792 2532 1840 2578 res
1861 2510 1996 2604 poffide·

1233 2611 1333 2699 bant,
1355 2629 1415 2704 per
1437 2609 1508 2682 mm
1533 2609 1617 2702 ipsas
1651 2612 1821 2681 tenebant.
1855 2610 1996 2682 Proinde

1234 2708 1400 2795 anulinus
1419 2713 1466 2782 ab
1491 2709 1659 2807 ipsts,·<9¹
1692 2708 1886 2783 tradidimus
1911 2709 1997 2802 ipsas

1234 2810 1279 2884 ad
1297 2809 1363 2906 ipso
1377 2811 1500 2908 prefato
1521 2810 1734 2900 Monajierio,
1754 2830 1791 2882 ut
1807 2811 1996 2884 domino...

1238 2913 1281 2982 (9¹
1304 2912 1410 2986 amnia
1425 2911 1510 2998 ficut
1530 2915 1572 2986 ab
1593 2913 1774 3008 antiquitus
1791 2911 1996 3002 dominavit,

1237 3013 1280 3086 Θ
1291 3013 1466 3108 secundiano
1486 3035 1606 3086 textum
1626 3012 1722 3111 ipfius
1746 3020 1918 3087 Carsulae.
1942 3018 1997 3084 En

1232 3135 1291 3214 pro
1306 3115 1476 3209 [musitata
1501 3119 1544 3188 θ
1560 3117 1699 3189 ueritate
1721 3137 1826 3188 textus
1843 3115 1997 3188 Carsulae

1235 3216 1332 3312 baius
1356 3248 1376 3290 a
1402 3245 1451 3290 me
1474 3215 1625 3316 Gregori
1662 3215 1845 3314 Imperiosi
1873 3219 1998 3288 Proto·

1236 3315 1474 3415 spathario&
1499 3321 1686 3413 Katepann
1713 3317 1917 3389 Italiae....
1945 3336 1999 3386 tea

1236 3416 1382 3501 Chamofi
1405 3417 1488 3488 bunc
1517 3415 1653 3500 noslrum
1686 3414 1841 3496 emisimus
1855 3415 2000 3502 Jndica.

1237 3542 1305 3589 snm
1323 3517 1487 3603 bullante,
1496 3513 1553 3604 fiio
1571 3538 1638 3582 cnm
1652 3511 1755 3584 Bulla
1773 3513 1876 3598 nollra
1891 3513 1999 3606 plum-

1236 3619 1314 3705 bea,
1333 3639 1427 3710 quam
1449 3612 1595 3685 manibus
1619 3611 1730 3700 molleis
1748 3637 1803 3684 nos
1814 3611 1998 3705 subscribsi.

1237 3741 1327 3806 mns,
1354 3715 1399 3786 (9'
1418 3713 1569 3808 sustinere
1595 3714 1687 3786 illam
1708 3713 1837 3804 fecimus
1862 3736 1920 3810 per
1944 3714 2000 3786 ito·

1235 3839 1296 3914 pus
1311 3813 1426 3890 Saniic'
1441 3813 1631 3904 Monasterii
1649 3816 1683 3886 in
1703 3814 1879 3908 Latinum,
1898 3815 1999 3910 mense

386 3915 421 3985 in
450 3917 572 4008 locum,
597 3917 654 4015 qui
686 3921 806 3992 dicitnr
838 3923 1039 4018 Malesoma,
1065 3927 1149 4000 elau·
1176 3923 1210 3991 D
1238 3921 1282 3992 Φ
1307 3917 1485 3993 indiciiene
1503 3916 1796 4014 supranominatis.

381 4013 490 4110 suria,
509 4019 683 4112 territoria,
708 4023 752 4093 θ
767 4043 884 4118 putea.
907 4030 955 4098 Et
974 4025 1008 4097 in
1030 4028 1150 4114 locum,

387 4129 443 4218 qui
468 4121 589 4194 dicitur
612 4121 730 4196 sanna
745 4131 899 4218 Joanne,
926 4127 1079 4221 clausurie
1108 4130 1153 4202 O·

386 4221 560 4297 territosie.
583 4229 633 4298 Et
651 4224 685 4297 in
708 4227 830 4320 haum,
849 4228 907 4326 qui
928 4229 1047 4302 dicitnr
1067 4235 1150 4304 San·

386 4321 436 4395 iio
459 4325 654 4415 Laurentio,
680 4328 860 4402 territoria.
895 4335 944 4403 Er
970 4330 1058 4404 intus
1082 4329 1152 4427 ipsa

385 4425 535 4500 Ciuitate
559 4427 679 4520 Asculo
702 4429 787 4521 Cafit
806 4429 985 4523 solariata,
1010 4457 1067 4530 que
1092 4456 1150 4504 an·

386 4547 418 4597 te
443 4533 497 4602 bos
522 4555 623 4602 annos
647 4529 769 4604 donata
800 4550 857 4626 per
882 4541 1047 4606 mantus*
1055 4585 1150 4607 .....

378 4626 457 4721 filio
482 4631 645 4721 Rorasdi,
673 4632 707 4702 in
735 4629 819 4726 ipsa.
835 4634 959 4726 prefato
989 4633 1149 4721 Manasse-

385 4735 433 4803 rio
455 4754 513 4830 pra
538 4732 759 4829 redemptionis
792 4734 897 4805 masma
914 4733 991 4828 sne.
1025 4733 1150 4807 Simili·

384 4852 436 4906 ter
460 4835 504 4906 U·
529 4833 565 4907 in
590 4833 739 4907 Ciuitate
772 4833 913 4921 Cannsta
938 4835 973 4908 in
1000 4837 1069 4934 ipsa
1093 4834 1150 4908 Ci·
1177 4821 1208 4890 Ε

1287 4023 1344 4094 Ex
1371 4017 1439 4092 hoc
1475 4017 1584 4093 etiam
1620 4037 1854 4095 monumento
1888 4016 1998 4093 ferme

1239 4119 1449 4211 ediscimus,
1484 4118 1665 4218 quousque
1700 4119 1796 4196 suam
1822 4118 2001 4192 ditionem

1239 4223 1277 4297 in
1303 4220 1439 4324 Apulia
1468 4221 1711 4318 protenderint
1733 4219 1822 4296 olim
1847 4217 2001 4312 Graeci,

1239 4323 1361 4400 srusira
1396 4321 1636 4398 obsistentibus
1674 4320 1898 4421 Principibus
1933 4322 2001 4396 Be·

1239 4424 1471 4517 neuentanis,
1505 4427 1541 4498 δι
1577 4421 1697 4498 seusina
1732 4421 1858 4498 deinde
1891 4445 2001 4541 expo·

1240 4526 1448 4603 sitientibus
1497 4523 1774 4627 imperatoribus
1825 4523 2000 4603 Latinus.

1239 4630 1393 4704 Culmen
1420 4625 1508 4704 iliud
1537 4626 1718 4728 potentiae
1745 4627 1900 4705 accrevit
1925 4623 2000 4718 eis,

1239 4729 1708 4832 pracsertimimperantibus
1718 4729 1913 4806 Ottonibus
1925 4730 2002 4804 Au·

1238 4830 1342 4934 gnsiis
1383 4832 1533 4924 Primo,
1573 4833 1609 4908 δι
1649 4831 1839 4931 Secundo;
1876 4830 2000 4931 ibique

385 4935 513 5026 vitate,
539 4961 599 5034 que
626 4954 763 5009 veterem
795 4936 928 5010 vedetur
952 4935 1031 5032 effe,
1051 4936 1152 5033 juata
1239 4933 1392 5010 citiores
1417 4937 1452 5010 δε
1476 4933 1616 5010 domini
1643 4933 1826 5010 constitere
1849 4931 2001 5031 Graeci,

385 5035 559 5123 Ecclesiam
581 5041 670 5112 beare
688 5035 829 5131 Eufimie
852 5040 1037 5130 Μανιγνίι,
1057 5045 1148 5110 Tem·
1241 5033 1350 5111 donec
1378 5037 1556 5112 Henricus
1591 5036 1685 5111 inter
1713 5038 1891 5108 Romanos
1929 5039 2000 5110 Im.

382 5141 475 5238 plum
508 5140 595 5213 beati
630 5137 821 5232 Benediiii,
846 5141 891 5212 (t
921 5141 1087 5216 Melinum
1111 5141 1168 5234 del
1235 5157 1411 5240 pecatores
1450 5139 1612 5230 Primus,
1647 5161 1687 5210 ac
1722 5132 1869 5212 subinde
1906 5141 2000 5214 Nor.

1406 5277 1408 5282 ·
1851 5263 1950 5314 mon·
