4626 6152
327 469 415 568 4e9
652 445 1483 543 urreunrarrorrrrm
1748 479 1837 568 ⁴70

269 573 359 672 Cap.
384 572 473 672 42.)
499 591 569 648 erat
593 579 673 648 Dux
697 571 899 670 Burgariae,
924 577 1036 644 Cnner
1070 577 1103 652 Α
1131 565 1226 666 quod
1252 566 1295 640 ad
1322 565 1407 641 baec
1432 567 1650 643 luculentius
1684 568 1921 648 confirmans*

270 676 403 774 Saprir',
432 676 476 748 Ο·
501 675 651 748 Marrbio
676 674 902 767 Mamesanae.
937 677 1035 747 Tum

271 781 360 876 Cap.
389 800 473 854 201.
501 773 777 854 Mediolanenfis
806 775 1036 877 Reipublicae

271 878 441 955 villorias
467 905 630 954 enarrans
656 877 700 954 ab
727 878 825 952 Urbe
852 877 1036 952 restaurata

272 986 384 1056 Anno
413 984 644 1056 MCLXVII.
675 980 747 1055 ait:
779 987 925 1053 Dneaour
951 986 1033 1052 Bur.

266 1084 406 1180 garine,
443 1083 685 1156 marchionatus
719 1084 947 1174 Mamesanae,
973 1089 1035 1154 Co·

271 1185 407 1260 miratur
441 1183 569 1281 Saprii,
605 1185 650 1256 0⁶
675 1186 857 1257 connitatur
882 1184 1037 1282 Turigiae

273 1287 319 1356 θ’
343 1287 523 1384 Parabiago'
541 1287 610 1360 (le.
633 1285 716 1376 salii
735 1286 813 1378 frent
833 1285 971 1380 [rrbjeili
994 1287 1037 1356 (9·

266 1385 360 1480 servi
373 1389 519 1485 perpetui
535 1387 697 1460 Civitatis
715 1387 919 1460 Mediolani.
937 1391 1034 1485 Qua·

1131 671 1174 743 da
1198 666 1414 744 emerserunt
1448 667 1603 744 Chartae
1635 667 1724 744 duae
1750 671 1792 746 ad
1817 680 1898 766 osea

1131 797 1240 864 zonam
1265 771 1484 844 Marebionem
1512 774 1557 842 cll
1588 772 1743 844 Comitem
1768 776 1898 848 Medio·

1131 874 1204 946 lani
1228 877 1338 948 Anno
1373 876 1537 948 MXLV.
1564 871 1780 972 speilantes,
1809 901 1897 976 quae

1134 973 1306 1074 proferam
1334 973 1425 1049 infra
1448 976 1486 1050 in
1511 974 1691 1049 Dissertat.
1721 982 1834 1052 XLV.
1857 981 1899 1050 de

1132 1075 1267 1170 affirma
1289 1078 1470 1152 &Civilem
1497 1079 1600 1152 italio.
1625 1077 1776 1174 Reipubl.
1792 1079 1898 1168 sormi

1132 1179 1272 1278 &quas
1291 1177 1400 1254 etiam
1422 1178 1718 1254 commemoravit
1742 1183 1900 1281 praelau·

1133 1279 1234 1356 datus
1253 1285 1312 1356 Cl.
1333 1280 1401 1355 Vir
1420 1285 1465 1354 D.
1484 1281 1616 1382 Gaspar
1635 1282 1796 1358 Berettus
1817 1307 1895 1383 pag.

1133 1407 1195 1480 72.
1232 1385 1412 1457 Differtat.
1449 1382 1694 1486 Chorogtapb.
1732 1390 1808 1460 Has
1844 1383 1899 1459 ibi

274 1513 339 1580 re,
366 1487 422 1562 uti
447 1515 537 1588 quae
572 1515 665 1564 nunc
690 1487 839 1562 Marcba
867 1492 1038 1562 Anconae
1072 1487 1100 1558 Β
1136 1485 1300 1586 legendas
1327 1484 1498 1560 servavi.
1514 1491 1641 1586 Neque
1667 1485 1736 1561 alia
1764 1487 1834 1564 luit
1861 1513 1898 1560 a·

273 1587 430 1682 dicitur,
456 1593 491 1664 δι
519 1588 561 1663 de
586 1616 656 1690 qua
682 1590 795 1664 sermo
821 1589 912 1665 infra
942 1590 1038 1682 etit,

276 1691 395 1791 primo
423 1693 598 1792 appellata
634 1691 704 1766 luit
730 1695 868 1766 Martha
894 1698 1037 1764 Guarne·

274 1794 339 1885 rii,
366 1793 417 1868 ita
443 1793 542 1892 regio
569 1796 633 1868 illa
660 1793 759 1869 fuiffe
782 1793 873 1868 olim
897 1792 1039 1868 videtur

275 1899 415 1969 Mareia
454 1895 630 1980 Mamfii.
666 1894 841 1993 Antiquie
881 1893 1039 1996 profello

275 1996 517 2096 temporibus,
543 1996 763 2096 frequentius
794 1997 904 2072 etiam
930 2023 1037 2096 quam

268 2097 419 2190 nostris,
441 2104 641 2200 Regnorum
667 2127 708 2172 ae
726 2100 942 2200 regiminum
962 2125 1033 2173 mu·

274 2199 431 2274 tationes
455 2203 707 2292 occurrebant,
734 2203 769 2274 δι
797 2199 919 2275 excisa
946 2200 1037 2276 anti·

273 2299 354 2398 quis
394 2300 554 2376 Marcbis
589 2328 704 2376 nouae
739 2300 1038 2393 instituebantur,

1135 1585 1201 1686 pud
1240 1591 1418 1680 Francos,
1459 1589 1703 1680 Alamannos,
1738 1589 1898 1690 aliosque

1133 1689 1344 1764 Germaniae
1365 1691 1519 1808 Populos
1537 1689 1764 1766 Marcharum
1779 1695 1897 1781 ratio,

1134 1789 1198 1864 nist
1225 1792 1320 1890 quod
1344 1791 1508 1867 dubitare
1534 1819 1664 1894 cogor,
1693 1815 1896 1890 acceptum·

1135 1920 1178 1966 ne
1209 1893 1341 1994 semper
1376 1893 1485 1970 fuerit
1516 1897 1668 1968 Marciae
1702 1893 1772 1970 srve
1799 1903 1898 1972 Mar.

1133 1997 1223 2067 chiae
1244 2021 1375 2070 nomen
1403 2023 1467 2096 pro
1493 1994 1718 2096 fignificanda
1746 1999 1899 2073 Prouia·

1134 2096 1214 2172 cia.
1251 2101 1335 2171 Huc
1370 2095 1548 2172 referenda
1583 2097 1628 2171 est
1662 2098 1797 2174 Clrarta
1824 2126 1897 2174 non

1134 2198 1313 2298 vulgaris,
1340 2225 1446 2296 quam
1466 2198 1559 2272 olim
1580 2197 1740 2300 descripsi
1760 2227 1804 2276 ex
1825 2173 1902 2277 'Ta-¹

1135 2299 1274 2373 bulario
1310 2298 1457 2374 celebris
1494 2299 1702 2375 monasterii
1744 2303 1899 2378 bobien·

270 2423 335 2476 cut
362 2429 431 2476 una
457 2403 495 2476 in
524 2403 638 2504 plures
662 2403 909 2495 dividebatur,
936 2402 1037 2478 srcuti
1071 2397 1103 2470 C
1133 2399 1198 2492 lic,
1224 2400 1403 2500 spellam,
1431 2420 1471 2474 ut
1488 2401 1582 2475 mibi
1606 2401 1681 2476 veri
1708 2402 1822 2480 simile
1840 2406 1899 2481 vi·

271 2505 308 2576 R
324 2503 410 2577 novi
427 2505 633 2580 Comitatus
650 2504 688 2580 in
703 2505 778 2580 dies
794 2507 1038 2605 pullulabant,

235 2629 241 2644 ·
274 2625 380 2704 prout
404 2603 545 2680 fortuna
573 2607 682 2696 belli,
708 2605 778 2680 five
805 2632 944 2706 precum
970 2605 1038 2678 im·

276 2705 499 2806 portunitas,
527 2705 597 2781 stre
623 2708 791 2807 pecuniae
813 2709 952 2782 oblatae
979 2733 1040 2803 po·

276 2805 471 2880 tentillima
489 2808 686 2900 ratio,aut
705 2835 773 2884 una
794 2808 947 2907 ipsorum
975 2815 1039 2884 Re·

276 2933 362 3008 gum
383 2909 529 2982 mobilia
554 2912 718 2984 voluntas
741 2909 942 2982 faciendum
967 2909 1034 2984 sua·

276 3009 426 3082 debant.
454 3008 525 3084 Cui
552 3009 799 3083 conluetudini
827 3009 938 3100 postea
966 3009 1040 3083 fri·

276 3107 415 3186 doricus
443 3113 470 3182 Ι.
490 3109 665 3210 Augustus
688 3109 795 3184 finem
820 3109 907 3184 fecit
929 3114 974 3187 C.
998 3111 1041 3186 de

277 3211 385 3286 Feud.
421 3211 505 3286 Lib.
543 3236 577 3284 2.
604 3213 683 3287 Tit.
712 3234 771 3306 53.
805 3216 846 3284 de
876 3212 1039 3310 prohibita

275 3317 412 3390 renea.
432 3313 643 3389 alienatione.
669 3317 763 3390 Bene
781 3331 900 3390 tamen
918 3311 1040 3407 eelsrt,

1133 2501 1258 2592 detur,
1285 2503 1327 2574 ad
1348 2509 1495 2575 Annum
1517 2507 1802 2580 DCCCLxxx.
1818 2511 1898 2582 Aa·

1136 2628 1221 2676 num
1247 2601 1419 2678 videlicet
1445 2602 1645 2697 Quinbium
1682 2607 1796 2709 Regni
1822 2613 1899 2686 Lu·

1135 2702 1258 2778 dorici
1298 2704 1449 2804 junioris
1488 2707 1726 2781 Alamanniae
1767 2711 1897 2809 Regis,

1136 2805 1198 2880 nist
1225 2804 1317 2880 forte
1343 2805 1597 2907 intelligendus
1620 2807 1661 2882 fit
1687 2810 1895 2887 Ludovicue

1137 2911 1213 2980 Rex
1239 2909 1313 3008 ejus
1341 2929 1459 3006 pater,
1496 2905 1592 2982 filius
1628 2910 1807 2986 Ludovici
1837 2912 1895 2989 Pii

1141 3011 1386 3107 imperatorie.
1410 3007 1573 3102 Mirum,
1589 3013 1763 3110 quantlrm
1785 3012 1897 3112 sapiat

1138 3107 1272 3183 Charta
1305 3110 1389 3184 haec
1416 3109 1596 3184 inscitiam
1623 3111 1763 3188 rudium
1790 3118 1896 3192 Secu·

1138 3212 1277 3289 lorum.
1303 3215 1423 3313 Lege,
1449 3211 1474 3286 sr
1499 3213 1624 3294 lubet.

276 3546 458 3634 Duratio
490 3547 688 3636 Ecclesiae
719 3547 903 3638 laudatae
935 3575 1052 3658 prope
1084 3546 1310 3637 Marclrlarn
1341 3547 1514 3638 Rhetiae
1549 3547 1616 3638 lub
1646 3545 1765 3637 titulo
1794 3552 1893 3644 Sau-

417 3665 471 3752 ui
503 3666 771 3770 Columbani,
801 3667 902 3756 falla
932 3671 956 3756 l
987 3665 1194 3756 Wolsarto
1225 3666 1442 3756 Helvetico
1473 3667 1582 3774 viro,
1613 3667 1765 3756 Abbati

535 3783 669 3870 Serui
699 3785 945 3880 Columbaui
974 3787 1173 3875 Bobienlie
1202 3793 1326 3875 Auno
1354 3783 1508 3888 lucullo
1540 3791 1639 3874 880.
1858 3777 1866 3796 ’

362 4021 410 4088 Go
436 4011 470 4086 ior
507 4015 573 4088 Dei
605 4017 731 4092 nomine
766 4021 937 4112 Wolsarni.
962 4030 1045 4096 Cera·
1075 4022 1215 4094 Dmem
1242 4020 1374 4094 moriens
1406 4020 1587 4114 dereliquid
1620 4021 1656 4092 in
1683 4021 1751 4118 ipsa
1776 4024 1894 4118 Capel-

386 4119 510 4214 pinenir
535 4119 617 4190 mibi
642 4119 678 4190 in
702 4122 808 4194 animo
833 4149 924 4208 meo,
950 4145 987 4194 ero
1011 4155 1044 4196 a·
1133 4126 1189 4214 ia,
1224 4123 1269 4192 Θ·
1304 4147 1359 4217 ego
1394 4149 1442 4192 me
1477 4120 1542 4214 ipso
1575 4123 1779 4218 conquesivi,
1818 4121 1895 4211 ioell

283 4220 393 4314 liquid
414 4221 455 4292 de
481 4223 572 4292 rebus
595 4221 674 4292 meir
703 4245 762 4320 pro
786 4223 919 4297 remedio
943 4225 1049 4298 anime
1132 4235 1230 4300 curte
1254 4221 1361 4314 clausa
1380 4220 1538 4310 edifitiis,
1565 4223 1732 4320 mancipiis
1751 4224 1892 4320 septem,

283 4345 347 4390 eree
383 4322 428 4390 θ
464 4344 667 4420 parentorum
704 4351 838 4396 meorum
877 4329 1048 4401 condonare
1134 4327 1227 4399 ternu
1264 4323 1359 4396 cultis
1394 4323 1439 4394 θ’
1473 4322 1627 4414 incultis,
1665 4325 1798 4420 pratia,
1831 4347 1891 4420 pa·

280 4423 447 4512 deberem,
473 4427 557 4521 qnod
582 4426 626 4496 (9³
653 4425 703 4500 ita
727 4427 773 4498 (9·
791 4426 877 4518 feei.
914 4435 980 4500 Hoc
1004 4428 1047 4516 all
1126 4428 1232 4521 souis,
1261 4423 1382 4515 filaris,
1418 4423 1510 4522 aquis
1529 4423 1702 4513 farinariis
1715 4454 1737 4512 ,·
1772 4427 1816 4494 Θ·
1841 4426 1891 4496 in·

284 4527 319 4594 in
360 4545 445 4619 pago
487 4532 692 4622 Turgauge,
734 4531 802 4610 loeo,
842 4532 899 4626 qui
931 4529 1049 4602 dicitur
1126 4529 1222 4626 super
1246 4527 1384 4601 edilium
1420 4526 1568 4622 quiequid
1602 4526 1682 4597 mibi
1706 4527 1746 4596 de
1772 4525 1892 4603 Riirero

282 4630 450 4721 Wougos,
482 4645 577 4720 prope
608 4628 758 4703 Marcha
792 4628 942 4718 Reciae,
978 4637 1045 4704 Ba·
1132 4631 1268 4702 aduenio
1312 4627 1346 4699 in
1391 4625 1540 4702 Martha
1585 4626 1774 4701 Tucunnie
1823 4653 1892 4698 cuoo

282 4724 375 4816 silica
399 4725 594 4816 ernstiana,
628 4730 685 4801 ubi
717 4731 857 4803 sanlius
880 4734 1045 4806 Columba·
1132 4731 1217 4802 omni
1250 4728 1448 4820 interritam,
1487 4729 1543 4800 boe
1576 4727 1621 4815 est
1653 4733 1753 4801 Curre
1786 4727 1893 4820 clausa

281 4855 343 4900 uus
366 4829 442 4898 olim
462 4855 530 4900 cum
549 4829 621 4922 suis
640 4831 788 4920 habitare
808 4835 957 4922 volebat,
984 4861 1045 4904 mo·
1132 4859 1200 4905 cum
1225 4829 1382 4924 orificiis,
1418 4831 1512 4903 terris
1546 4831 1641 4902 cultis
1666 4833 1711 4903 θ
1736 4831 1892 4922 incultis,

279 4932 321 5000 do
345 4936 415 5002 Deo
440 4931 620 5026 opitulante
645 4936 783 5006 conrodit
812 4937 903 5008 nobis
926 4941 965 5008 de
986 4937 1045 5026 suo
1072 4939 1101 5008 Ε
1131 4933 1256 5032 pratis,
1291 4932 1444 5030 pascuis,
1476 4930 1604 5019 silvis,
1638 4934 1757 5028 aquis,
1792 4959 1892 5030 aqua·

275 5030 389 5121 sanilo
405 5033 539 5127 Corpore
555 5033 783 5131 Reliquiaoad
800 5039 930 5110 babere.
952 5043 1047 5109 Nune
1131 5063 1201 5108 rum
1226 5062 1280 5108 eur
1293 5039 1365 5108 rbus
1390 5036 1435 5107 Θ·
1461 5032 1657 5122 incursibus,
1694 5034 1739 5104 (Ψ
1773 5035 1807 5104 in
1843 5033 1894 5104 al·

280 5133 354 5204 volo
379 5129 472 5204 illam
492 5157 695 5232 porcionem,
729 5165 824 5236 quem
849 5140 931 5218 mihi
952 5161 1047 5234 parer
1123 5139 1199 5235 pir.
1235 5143 1323 5227 Hac,
1354 5158 1391 5208 au
1412 5135 1557 5233 prefatas
1582 5137 1679 5225 lom,
1714 5159 1782 5205 cum
1807 5135 1893 5205 amni

1203 5242 1238 5312 G
1264 5263 1287 5340 g
1314 5259 1339 5312 2
1743 5232 1840 5329 adje-
