4560 6146
495 459 550 544 71
803 425 1193 548 aurinum
1239 423 1468 516 usust
1509 379 1773 516 asrt'
1930 430 1988 540 ‘72

432 566 499 618 uus
519 539 711 620 comitetur
729 567 818 639 vos,
845 565 886 620 ut
911 547 1032 646 &ego
1056 545 1198 622 videam
1214 547 1263 622 'A
1288 565 1470 644 quaerentes
1493 549 1684 636 Saracenos,
1708 545 1752 617 (θ’
1777 543 1848 619 illis
1872 543 2052 644 quaerentia

432 667 528 735 vos,
563 646 599 719 δι
624 646 789 740 labores,
824 674 913 748 quos
944 646 1049 722 vobis
1083 647 1199 746 impo-
1289 651 1367 738 bus,
1388 646 1510 718 Franci
1530 643 1639 740 juniii
1658 647 1738 738 sunt
1764 648 1798 720 in
1829 649 1973 720 loco...
2001 649 2051 716 Et
2138 685 2141 692 ·

429 771 503 837 no,
532 772 682 822 mereor.
710 755 800 820 Tunc
808 748 910 834 simul
927 775 995 821 cum
1019 749 1095 846 ipfir
1114 751 1199 844 Mis·
1285 748 1391 839 fabius
1416 749 1460 834 eli
1477 747 1604 842 seruitus
1628 773 1760 844 magnus
1781 747 1925 845 clangore
1949 746 2052 820 bucci-

425 846 476 932 fis
498 869 728 943 perrexerunt,
764 851 809 920 (θ’
833 851 917 922 unde
944 872 1073 947 egerunt
1090 850 1200 944 firmi·
1291 879 1371 942 nae,
1396 849 1527 921 hinnitu
1561 873 1729 946 equorum,
1746 848 1882 947 strepitu
1915 847 2055 941 Populo·

431 949 514 1022 tatis
533 949 734 1042 sacramenta
767 970 971 1048 receperunt,
1007 954 1052 1024 θ
1077 956 1200 1028 aduna-
1292 980 1384 1024 rum.
1419 957 1588 1046 Quumque
1618 971 1714 1047 prope
1739 950 1777 1042 sc
1810 949 2053 1045 conjungerent,

432 1072 510 1120 runt
537 1050 642 1142 seeum
675 1051 779 1148 magis
804 1079 841 1125 ac
868 1054 971 1148 magis
996 1052 1117 1146 fideles
1141 1062 1200 1129 Po·
1283 1053 1400 1145 fideles
1428 1051 1548 1138 Clarisli
1574 1073 1766 1141 oraverunt,
1792 1052 1951 1123 dicentes:
1978 1052 2055 1124 Do·

428 1150 547 1248 pulos.
582 1159 752 1248 Quumque
784 1175 941 1246 uenerunt
966 1153 1001 1226 in
1034 1159 1202 1253 quamdam
1292 1156 1386 1230 mine
1405 1151 1483 1244 Jesu
1503 1151 1663 1242 Christe,
1682 1171 1722 1226 tu
1741 1150 1882 1227 dixisti:
1909 1150 1965 1250 (Ἴ
1989 1149 2054 1249 qui

433 1253 585 1345 Vallem,
611 1253 667 1326 ubi
693 1253 754 1351 ipfi
777 1261 928 1328 Saraceni
954 1280 1045 1331 erant
1061 1255 1204 1349 fidentes
1291 1255 1478 1331 manducat
1513 1257 1667 1332 Carnem
1709 1280 1850 1345 meam,
1886 1253 1920 1325 ἃ
1959 1252 2053 1328 bibit

431 1352 547 1450 absque
582 1355 648 1426 ullo
683 1356 818 1448 timore,
859 1385 1017 1430 annonam
1055 1381 1203 1432 metentes
1290 1357 1502 1457 Sanguinem
1522 1382 1671 1446 meum,
1698 1355 1736 1428 in
1766 1381 1823 1428 me
1850 1371 1991 1445 manet,
2016 1357 2054 1428 δι

425 1455 528 1544 stmul
552 1482 621 1526 cum
637 1457 800 1555 captivis,
827 1485 902 1556 quos
923 1459 1100 1550 habebant,
1127 1485 1202 1536 tunc
1230 1453 1259 1524 Β
1289 1486 1355 1560 ego
1379 1459 1417 1532 in
1442 1455 1662 1556 eo.Ergos1
1689 1454 1954 1547 innobilem,
1975 1456 2054 1552 quie

432 1557 611 1644 Christiani
647 1559 800 1631 irruentes
826 1561 921 1655 super
956 1561 1028 1632 illos
1063 1563 1107 1634 (9¹
1141 1572 1201 1638 Sa·

429 1683 583 1748 raceuos,
620 1682 753 1758 quantos
790 1661 836 1732 ibi
871 1662 1087 1752 invenenant,
1128 1667 1202 1739 occi·

429 1761 575 1853 lerunt,
617 1762 663 1833 Φ
696 1760 841 1858 captiuos
875 1763 1117 1840 liberaverunt.
1161 1775 1203 1841 Ut

429 1861 508 1936 baec
541 1863 675 1936 audivit
709 1890 811 1935 eorum
847 1864 1025 1964 Princeps,
1060 1875 1089 1940 C
1090 1870 1202 1941 incimo

431 1962 583 2054 nomine,
624 1967 664 2037 de
699 1966 846 2040 Ciuitate
870 1971 1039 2040 Amantel
1073 1971 1202 2043 obuiam

431 2063 478 2134 eis
521 2065 600 2138 exiit
643 2087 852 2163 praeparatus
894 2070 1064 2144 viriliter.
1104 2075 1204 2168 ,Quod

429 2185 528 2261 quum
565 2166 703 2239 Francis
744 2189 929 2264 compertum
972 2167 1075 2265 oller,
1123 2173 1198 2264 jun.

425 2285 538 2362 gentes
556 2267 655 2361 sebi
688 2294 727 2340 osc
751 2295 817 2342 una
848 2291 962 2366 parte,
995 2273 1040 2342 Φ
1075 2275 1129 2347 illi
1163 2304 1202 2348 eu

1291 1577 1412 1636 contra
1439 1556 1525 1632 nosl
1547 1559 1669 1632 Statim
1694 1555 1879 1652 commiffum
1902 1561 1946 1644 est
1964 1579 2055 1656 prae·

1287 1663 1387 1736 lium.
1414 1667 1584 1758 Quumque
1612 1660 1694 1752 sorti
1720 1660 1896 1732 intentione
1927 1681 2057 1756 pugna·

1290 1785 1380 1856 rent,
1406 1789 1487 1837 aura
1514 1762 1648 1849 ccelesiis
1681 1761 1872 1852 confortavit
1898 1761 2055 1848 Cbrr'stia·

1290 1893 1363 1941 nos.
1389 1863 1520 1960 Pagani
1544 1868 1620 1936 ueri
1645 1883 1735 1959 terga
1762 1882 1922 1934 uertentes
1943 1861 2055 1960 sugere

1288 1986 1466 2064 coeperunt.
1489 1964 1670 2051 Cbrilliani
1694 1985 1800 2037 autem
1821 1966 1889 2060 posi
1913 1989 1963 2034 eos
1987 1991 2055 2037 cae.

1288 2072 1397 2140 dentes
1420 2094 1482 2138 non
1501 2063 1676 2162 ceffabant,
1695 2068 1791 2138 donec
1813 2065 2055 2138 multitudinem

1289 2176 1489 2266 Paganorum
1525 2165 1753 2260 interficerent.
1788 2169 1948 2238 soldanus
1979 2168 2055 2240 baec

1287 2273 1443 2361 audiens,
1466 2291 1550 2340 metu
1576 2297 1690 2366 magno
1712 2267 1835 2356 tristari
1856 2268 1973 2363 eoepit.
1995 2274 2055 2340 Se.

428 2365 555 2453 altera,
577 2367 671 2457 sabla
704 2369 747 2456 est
763 2370 889 2466 strages
923 2399 1041 2470 magna
1069 2382 1198 2450 Sarace.
1226 2375 1258 2446 C
1285 2373 1395 2470 quenti
1428 2371 1529 2463 mense
1565 2372 1759 2454 Februario,
1788 2370 1899 2466 quinto
1935 2370 2055 2466 expleto

429 2494 562 2558 uorum,
589 2471 646 2564 qui
666 2470 781 2566 fugam
813 2473 994 2567 petierunt.
1024 2477 1201 2565 Christiani

428 2595 505 2640 vero
528 2571 596 2667 poll
620 2597 670 2642 eos
696 2571 818 2668 loquuti
852 2572 1075 2666 interficientes
1106 2579 1200 2676 ufque

428 2673 475 2746 ad
499 2693 623 2765 portam
649 2673 828 2746 Ciuitatis.
852 2679 1091 2750 ornavero&
1105 2703 1196 2777 prat·

427 2771 512 2844 stilti
529 2773 697 2871 Episcopi,
710 2776 865 2847 &eorum
873 2775 1054 2874 sequuturos
1064 2833 1075 2869 ,
1087 2783 1197 2854 trium-

423 2873 576 2972 phatores
611 2875 729 2962 reererli
746 2877 827 2967 sunt
855 2879 901 2949 ad
925 2880 1099 2954 Dominum
1135 2889 1194 2956 Im·

423 2996 619 3072 potatorem.
659 2984 833 3075 Imperator
854 3005 930 3052 vera
964 3007 1112 3080 magnum
1137 3015 1196 3082 ga·

426 3077 524 3176 uisus
544 3081 587 3164 est
608 3081 787 3175 gaudium,
815 3079 859 3154 (9¹
884 3085 1027 3156 bonorem
1051 3086 1196 3178 dignita·

427 3177 473 3250 tis
498 3180 544 3248 eis
570 3182 704 3254 tribuit.
731 3182 876 3253 Ciucimo
898 3210 975 3253 uero
1004 3187 1044 3256 de
1063 3188 1134 3279 suis
1159 3192 1199 3261 de

1285 2484 1409 2564 Anno,
1444 2475 1526 2570 quod
1560 2473 1644 2546 Bari
1674 2468 1834 2570 poileffam
1873 2472 2052 2563 habebant,

1289 2577 1444 2648 Dominus
1478 2579 1649 2670 Imperator
1682 2574 1912 2671 comprehendit
1936 2575 2054 2648 Salda-

1286 2707 1383 2768 num,
1408 2677 1452 2749 (9⁶
1474 2677 1608 2772 reliquos
1626 2681 1797 2749 Saracenos
1822 2675 1869 2746 ibi
1891 2674 2053 2762 consilien-

1286 2801 1332 2850 tes
1359 2779 1516 2850 interemit
1540 2785 1643 2851 Anno
1671 2775 1823 2874 Vigefimo
1845 2776 1968 2873 primo,
1995 2780 2052 2848 ln·

1286 2878 1423 2952 dillione
1449 2886 1597 2976 Quarta.
1632 2879 1785 2952 Saraceni
1818 2903 1893 2948 vero
1921 2877 1957 2948 in
1993 2878 2051 2964 [ua

1286 3005 1369 3054 terra
1391 2983 1465 3054 haec
1488 2981 1674 3070 audientes,
1694 2983 1853 3078 elegerunt
1871 2979 2051 3073 fortiffimos

1285 3090 1395 3174 viros,
1424 3081 1508 3168 ficut
1541 3083 1749 3172 audivimus,
1785 3081 1910 3178 uiginti
1944 3083 2051 3155 millia

1286 3186 1468 3273 hominm,
1493 3183 1655 3256 dicentes:
1680 3181 1821 3282 grandis
1849 3181 2048 3284 ignominia

423 3279 538 3376 patria
559 3279 620 3370 [aa
645 3279 841 3367 adiutorium
876 3283 1026 3378 colligens
1051 3291 1196 3361 multiru-
1228 3288 1328 3366 Dde
1366 3282 1489 3364 oecifis
1527 3283 1650 3357 nostris
1687 3280 1875 3358 consonat.
1918 3289 2048 3360 Eamus

425 3379 536 3454 dinem
569 3386 819 3472 Saracenorum,
859 3381 915 3478 qui
953 3382 1015 3454 iter
1043 3385 1198 3475 facientes

425 3483 472 3558 ad
509 3483 623 3574 llari,¹
640 3507 708 3554 eum
744 3483 809 3580 ipso
844 3483 973 3556 iueruut
1003 3507 1062 3583 per
1095 3491 1198 3564 multa

425 3583 597 3680 dispendia
628 3583 825 3674 adjutorium
849 3585 1005 3660 soldani.
1041 3594 1128 3664 Erat
1152 3593 1199 3664 eis

426 3687 638 3775 nuntiatum,
676 3689 761 3782 quod
793 3687 972 3772 Christiani
1005 3691 1195 3766 celebrarent

425 3812 578 3880 magnum
602 3787 687 3860 diem
705 3786 841 3876 sellum,
860 3785 940 3870 licut
963 3811 1051 3880 erat,
1077 3795 1133 3866 hos
1153 3797 1197 3880 eli

424 3887 603 3960 Natiuitas
639 3888 772 3958 Domini
807 3889 904 3974 uollri
929 3895 960 3981 J
961 3890 1013 3983 esu
1051 3895 1194 3988 consti,

423 3987 586 4060 dicentes:
607 3992 723 4063 Deum
748 3987 847 4066 suum
871 3991 995 4067 colunt
1020 3995 1084 4068 itta
1108 3996 1191 4099 die3

424 4115 540 4188 neque
577 4092 789 4191 pugnaturi,
820 4119 934 4189 neque
969 4120 1065 4170 arma
1099 4099 1192 4172 levo·

1287 3389 1394 3462 illuc.
1419 3393 1587 3480 Quumque
1610 3385 1781 3482 nauigium
1801 3407 2048 3482 praepararent,

1287 3489 1489 3580 ascenderunt
1524 3485 1568 3558 &¹
1602 3485 1870 3582 navigaverunt,
1898 3489 1942 3556 Θ
1968 3488 2050 3559 exie·

1287 3611 1361 3662 runt
1388 3589 1421 3660 in
1434 3586 1528 3679 fines
1553 3593 1814 3658 Beneventanus.
1843 3595 1933 3658 Tunc
1959 3592 2050 3658 diue.

1286 3713 1360 3764 runt
1383 3711 1438 3786 per
1457 3690 1535 3782 suae
1560 3687 1712 3762 audaciae
1736 3686 1925 3758 elationem:
1948 3686 2048 3782 Quid

1287 3821 1350 3868 nos
1374 3789 1522 3866 fiduciae
1546 3789 1672 3863 habere
1693 3788 1858 3864 debemus
1883 3788 1921 3864 in
1947 3789 2050 3866 navi·

1286 3897 1348 3970 bus
1363 3888 1508 3967 nostris?
1525 3888 1728 3988 diffipemus
1746 3918 1825 3982 eas,
1841 3891 1925 3989 quia
1940 3895 2048 3965 fron·

1286 3997 1318 4071 ci
1345 3991 1527 4070 adversum
1554 4018 1618 4066 nos
1644 3991 1737 4066 nihil
1771 3994 1931 4089 possunt:
1959 3995 1993 4066 bt
2021 3991 2047 4068 fi

1286 4096 1544 4178 nraevaluerint
1572 4092 1753 4168 adversum
1785 4121 1870 4178 nos,
1898 4093 1966 4168 fine
1993 4096 2080 4168 ιιΙι»

426 4191 499 4266 turi
528 4189 629 4268 sunt.
660 4197 790 4268 Eamus
818 4192 917 4294 super
943 4194 1045 4271 illos.
1082 4202 1191 4274 Com·
1220 4209 1249 4280 E
1284 4203 1321 4273 lo
1349 4217 1444 4272 metu
1473 4197 1509 4268 in
1539 4199 1699 4294 Regnum
1728 4195 1879 4270 nostrum
1906 4219 2047 4293 pergere

421 4292 680 4398 prehendomus
722 4321 783 4370 eos
821 4323 946 4370 omnes
987 4297 1025 4372 in
1061 4297 1189 4396 fimpli·

426 4393 537 4470 citate
563 4393 642 4470 suu.
681 4401 747 4469 Hoc
780 4397 942 4482 consilium
967 4402 1105 4474 Domino
1130 4409 1192 4476 lne-

421 4497 564 4596 peratori
602 4497 786 4570 nuntiatum
824 4499 895 4585 eJl.
929 4507 1022 4573 Tunc
1054 4505 1168 4576 nmniti
1180 4562 1192 4598 ,

425 4623 465 4672 ut
487 4600 663 4698 gallicinio
695 4600 878 4690 matutino,
911 4601 957 4671 (θ’
984 4601 1107 4694 summe
1140 4609 1191 4680 eli.

425 4701 530 4774 luculo
564 4701 713 4799 Episcopi
743 4701 992 4776 &Sacerdotes
1020 4703 1192 4798 Millamm

418 4803 574 4896 filemnia
609 4805 818 4895 celebrarent,
855 4805 899 4876 (9⁶
926 4808 1067 4901 Populus
1100 4816 1204 4881 Com·¹

424 4905 634 4997 munionem,
679 4907 735 4980 vel
778 4905 1033 4980 Benedilliouem
1076 4911 1192 5008 accipe.

424 5023 475 5076 ret
493 5029 509 5074 .·
540 5006 638 5090 ficari
677 5011 720 5082 Ο·
753 5007 925 5101 feceruut.
964 5013 1013 5081 Et
1049 5011 1194 5088 eniemnt
1273 5014 1395 5110 [cilicet
1429 5035 1526 5112 prope
1563 5017 1709 5110 Capuam
1745 5011 1792 5083 ad
1830 5005 2044 5088 Vulturnum·

426 5234 478 5320 (⁸)
497 5233 651 5318 Johumis
667 5207 753 5328 Cep.
774 5247 806 5315 6.
823 5239 906 5316 neri
927 5258 981 5332 55.
1021 5201 1024 5210 .

1286 4301 1442 4387 poliunt.
1473 4297 1581 4372 Diilis
1600 4297 1703 4389 [allis
1736 4305 1875 4370 Francos
1901 4321 2047 4392 quaerere

1284 4421 1465 4500 coepemnt.
1488 4399 1685 4472 Nuntiatum
1707 4399 1750 4484 eli
1774 4399 1811 4468 iel
1829 4398 1966 4469 Domino
1984 4402 2049 4471 Ins·

1280 4505 1439 4602 peratori,
1466 4502 1524 4600 qui
1539 4501 1660 4589 statim
1679 4497 1764 4582 misit
1790 4499 1955 4596 Principes
1973 4499 2048 4592 suot

1285 4607 1426 4694 Unrncb,
1453 4603 1619 4701 Agesricl,
1647 4601 1692 4670 (θ’
1717 4600 1821 4693 Bosa,
1846 4629 1915 4672 eum
1949 4601 2047 4676 elebla

1282 4736 1378 4780 manu
1397 4714 1590 4780 Francorum
1609 4702 1653 4772 (θ’
1672 4705 1972 4800 Langobardorum,
1990 4705 2046 4776 uel

1280 4832 1449 4884 ceterarum
1475 4808 1668 4892 nationum·
1690 4803 1858 4903 iungentes
1878 4804 1913 4895 se
1939 4805 1972 4874 in
1999 4807 2046 4876 lo·

1279 4938 1313 4983 eo
1337 4915 1382 4985 ad
1406 4910 1560 4984 sanetum
1588 4909 1773 4980 Matrinum
1799 4908 1845 4979 acl
1869 4905 2045 4996 stradam,

1909 5108 1996 5186 aete
