4602 6136
246 491 251 496 s
1770 455 1822 506 xv

242 543 364 653 ¹lus,
393 575 483 630 rrum
511 540 695 648 eiusmodi
726 544 958 654 Scriptorum
989 567 1159 628 conatum
1187 543 1309 658 glorie
1329 538 1458 655 suerit
1485 535 1738 654 subsequuta.
1780 538 1870 623 Uti·

270 695 345 777 que
373 696 446 748 non
475 667 621 766 minor,
662 662 777 776 quim
807 693 902 776 quae
931 663 1022 746 olim
1050 669 1306 746 Romanorum
1336 661 1632 776 Antiquitatum
1664 655 1868 742 cultoribus

272 778 535 894 deserebatur.
575 783 672 864 Sive
711 781 812 865 caim
850 812 914 864 nos
944 781 990 862 ab
1020 777 1293 894 antiquiffimis
1331 781 1470 886 leolis,
1506 801 1574 863 out
1603 809 1627 862 a
1657 777 1870 884 Romanis,

267 896 356 1012 five
383 931 406 984 a
437 900 596 1000 Gothis,
625 897 903 1012 Langobardis,
931 903 970 984 F
972 900 1119 1000 rancis,
1148 897 1201 996 (5
1230 897 1429 983 Germanis
1459 893 1742 1004 descendamus,
1767 893 1870 1004 lem·

269 1039 341 1134 per
366 1021 494 1132 gentis
524 1015 666 1106 nostroe
703 1015 909 1126 Historiam
941 1013 1226 1135 persequimur,
1263 1015 1409 1128 quotics
1438 1045 1496 1098 res
1521 1015 1641 1128 gellus
1669 1008 1722 1096 Θ
1752 1043 1868 1098 mores

275 1135 547 1248 investigamus
586 1134 769 1218 barbarici
807 1139 897 1218 aevi
907 1166 928 1242 ,·
967 1129 1021 1216 (θ’
1054 1160 1125 1251 por
1163 1130 1421 1248 voluptusesl
1457 1131 1712 1244 genealogiam
1750 1133 1870 1217 conti·

275 1278 432 1341 nuttam
462 1255 654 1355 Maiarum
692 1249 894 1360 nostrorum
929 1250 1162 1368 perlpcliam
1199 1249 1354 1336 bobert.
1395 1247 1512 1356 Hisce
1550 1248 1735 1366 duplicem
1765 1244 1869 1360 caus·

267 1369 359 1482 sem
389 1370 505 1470 adde,
535 1401 629 1483 quac
659 1369 773 1482 nostri
802 1372 979 1486 temporis
1007 1371 1216 1474 Eruditos,
1255 1367 1456 1453 calcarium
1485 1365 1535 1450 ud
1565 1366 1705 1473 iollae,
1735 1363 1872 1476 soliti·

275 1510 361 1572 tore
383 1485 520 1601 pofflt,
549 1513 592 1570 ut
621 1488 671 1572 ud
698 1484 920 1602 eupiscando
948 1482 1000 1572 (9·
1031 1486 1252 1598 illustrando
1282 1482 1473 1597 inferioris
1501 1512 1649 1597 quoque
1675 1486 1766 1568 oevi
1794 1515 1872 1566 ma·

275 1632 452 1688 numento
488 1604 649 1691 alacrius
688 1603 916 1720 insurgant.
955 1607 1097 1692 Altera
1133 1605 1209 1716 cll,
1247 1610 1441 1690 Romanae
1481 1603 1538 1687 rei
1578 1602 1871 1710 Erudieicrtem,

273 1752 317 1804 eoo
356 1747 515 1834 quotae
545 1720 666 1808 deerl
699 1724 871 1838 prodiere
909 1725 1127 1830 uolumine,
1167 1727 1239 1808 uiro
1275 1724 1370 1806 naui
1407 1720 1622 1835 argumenti
1662 1717 1876 1836 quidquam

272 1837 376 1920 nobis
420 1834 654 1952 reliquiffe,
698 1838 773 1951 nili
820 1871 922 1926 nova
963 1843 1209 1954 antiquitatis
1247 1838 1466 1955 fragmento
1506 1833 1766 1952 effodiantur.
1810 1841 1870 1922 Er

269 1952 435 2072 prosello
459 1954 495 2068 fi
525 1960 595 2067 qui
628 1955 748 2067 sunt,
785 1960 854 2070 qui
882 1958 928 2044 tle
955 1982 1095 2072 papyro
1126 1964 1168 2045 in
1197 1958 1365 2043 chartam
1404 1963 1660 2040 Romanorum
1696 1953 1800 2070 gesta
1829 1985 1871 2046 ue

274 2072 373 2157 ritus
402 2070 658 2186 transferunt,
689 2108 762 2162 nort
786 2078 834 2160 iit
864 2076 1027 2160 multum
1056 2079 1179 2162 laudis
1208 2077 1473 2190 erpellondum
1496 2073 1567 2183 est.
1598 2078 1743 2156 Contra
1768 2077 1870 2157 Bar·

272 2188 401 2276 lorice
443 2193 600 2276 Saeculo
640 2192 877 2308 groviffimis
918 2195 1038 2278 adbuc
1077 2196 1250 2280 laborant
1291 2194 1482 2295 tenebris,
1522 2215 1637 2303 atque
1672 2220 1762 2305 agor
1803 2190 1872 2299 isle

269 2328 403 2426 paucos
441 2310 599 2396 cultores
636 2310 826 2427 bucusque
864 2316 1018 2419 nulius,
1049 2311 1163 2429 spem
1202 2311 1335 2400 uberis.
1365 2307 1490 2426 meffis
1533 2309 1713 2394 eucolemi
1747 2303 1872 2421 fecit.

272 2429 469 2512 Romanae
505 2429 747 2514 Eruditionis
787 2462 877 2545 eger
912 2457 1030 2548 poem
1059 2429 1259 2538 universus
1297 2434 1375 2530 iam
1406 2451 1598 2542 occupatus
1627 2425 1711 2535 css,·
1746 2452 1789 2510 ot
1818 2427 1871 2512 'itt

272 2542 340 2655 islo
370 2577 444 2628 uon
473 2546 573 2632 levis
600 2572 687 2660 pers
704 2547 837 2653 adbuc
862 2550 985 2664 primo
1012 2552 1205 2664 occupanti
1231 2571 1361 2664 potet.
1398 2549 1444 2631 Si
1472 2546 1594 2661 gloria
1624 2576 1668 2629 eor
1698 2545 1872 2630 novitate

268 2659 495 2778 praefirtim
524 2667 716 2780 eulusgit,
755 2665 877 2752 hercle
906 2669 955 2752 ad
984 2699 1065 2754 eam
1093 2671 1229 2755 certior
1258 2665 1326 2752 hae
1354 2662 1425 2748 vil
1454 2665 1505 2776 cll
1537 2657 1704 2774 grcffus.
1744 2669 1871 2746 Acte·

270 2780 334 2863 dit
362 2774 415 2864 θ
444 2783 566 2866 ultera
593 2777 742 2897 caussa.
772 2791 874 2868 Nem
904 2811 962 2870 tot
991 2790 1087 2872 ritus
1116 2819 1189 2873 nort
1208 2783 1337 2899 sollum
1358 2783 1490 2896 sacri,
1522 2779 1594 2887 sed
1622 2774 1674 2864 (9²
1703 2779 1874 2891 dumelli-

274 2899 310 2983 ei
338 2892 393 2978 (9⁶
418 2898 565 3008 politici
594 2901 697 2986 nobis
729 2903 769 2986 ia
800 2901 869 3007 usu
890 2904 1017 3013 sunt,
1054 2935 1211 3018 quorum
1239 2905 1342 3016 origo
1379 2932 1467 2986 non-
1483 2897 1666 2982 Romanis
1693 2900 1872 3009 temperi·

274 3012 343 3098 lus
370 3013 571 3098 tribuendo
599 3017 670 3122 cll,
689 3015 766 3130 scd
799 3021 1030 3107 Barbaricis.
1069 3027 1174 3137 Ergo
1204 3053 1277 3106 non
1305 3017 1548 3102 Erulitionis
1575 3014 1760 3106 duntaxat
1789 3045 1871 3097 ont·

269 3128 499 3248 plificandtc
522 3132 677 3247 gentil,
706 3132 784 3247 sed
808 3135 877 3252 spe
904 3139 1021 3224 etiam
1048 3137 1264 3255 referendae
1292 3136 1525 3252 voluptatis,
1554 3125 1605 3216 Φ·
1627 3127 1760 3246 samoe
1787 3161 1872 3216 con·

270 3249 503 3361 quirendae,
531 3252 686 3356 juvabit
713 3253 911 3359 adbibere,
940 3287 1053 3370 quom
1080 3251 1289 3374 paffumus,
1318 3255 1437 3340 lucem
1466 3246 1628 3363 obscuris
1657 3251 1708 3334 iis
1735 3254 1872 3335 Soe'cu·

271 3366 350 3473 lis,
378 3365 430 3449 &⁸
471 3368 567 3481 quid
604 3372 772 3466 Maiores
810 3373 927 3482 nostri
956 3376 1125 3490 egerint,
1163 3401 1332 3462 accurate
1370 3370 1577 3484 cupiscari,
1614 3393 1660 3452 ut
1695 3361 1873 3484 praesert-

273 3485 373 3597 tium
392 3479 524 3597 sontes
552 3481 605 3570 (9'
632 3481 800 3603 eouffas,
828 3523 901 3578 uuo
930 3515 1114 3611 tempore,
1142 3491 1195 3578 (9'
1223 3525 1306 3578 cum
1336 3490 1579 3578 deleliotione
1605 3512 1819 3572 terreamus.

392 3617 526 3714 Atque
555 3604 645 3691 laec
673 3641 715 3692 ea
739 3605 920 3720 suerunt,
957 3611 1180 3725 quaemihi
1202 3607 1359 3720 suestre
1386 3603 1592 3718 praesentis
1621 3603 1756 3720 Operis
1778 3633 1872 3692 ,cott-

262 3717 425 3832 filium,
453 3715 505 3805 (⁹³
535 3723 712 3810 odillud
739 3728 993 3844 complendum
1022 3729 1165 3814 animos
1193 3729 1308 3812 etiam
1336 3725 1533 3812 addidere.
1564 3724 1689 3814 Culus
1718 3720 1873 3835 quidem

276 3837 413 3923 loboris
441 3841 510 3953 qui
531 3840 592 3951 Jit
615 3837 771 3952 scopus,
803 3847 932 3962 paucis
962 3849 1150 3954 operiam.
1187 3845 1342 3934 Scilicet
1370 3843 1469 3930 mibi
1496 3835 1698 3954 proposui,
1735 3839 1872 3952 quibus

273 3948 416 4070 poffem
444 3960 616 4070 viribus,
642 3957 789 4072 -saciem
819 3963 949 4048 Italici
979 3966 1119 4082 Populi
1147 3963 1363 4068 delineare,
1401 3961 1525 4074 qualis
1544 3955 1635 4074 suit
1664 3991 1689 4043 o
1717 3957 1870 4042 Saeculo

275 4072 516 4174 Christianae
553 4087 678 4165 Aecae
716 4081 873 4204 Quinto
912 4079 1031 4186 usque
1070 4080 1120 4166 od
1148 4090 1308 4167 Aureum
1348 4077 1620 4190 Millefimum,
1661 4071 1715 4156 Θ
1752 4079 1871 4192 paone

274 4191 636 4306 quingentefimum.
665 4198 786 4399 guod
814 4222 859 4282 ut
887 4199 1130 4314 conficerem,
1167 4199 1294 4282 varios
1323 4195 1461 4282 ltaliae
1490 4227 1533 4280 ec
1563 4192 1719 4278 ltelicne
1745 4192 1872 4306 gentis

268 4305 482 4426 prospellus
519 4334 610 4397 artte
638 4345 700 4398 ocu
718 4347 756 4399 os
793 4315 894 4400 mibi
909 4317 1063 4427 statui,
1104 4347 1178 4400 nort
1212 4313 1318 4422 ficus
1347 4341 1461 4428 etque
1496 4309 1673 4422 soeiurtt,
1707 4313 1776 4422 qui
1804 4333 1873 4392 out

274 4457 449 4540 magnam
487 4433 704 4544 quampiam
743 4432 907 4536 Urlem,
946 4459 1014 4516 aut
1047 4429 1394 4548 (plenlidiffimum
1423 4433 1619 4516 Palatium
1653 4432 1770 4542 Regis
1799 4427 1871 4510 oli·

234 4567 235 4571 ‘
275 4545 380 4638 euius
418 4542 697 4654 describendum
725 4544 968 4662 suscipiunt.
1011 4557 1114 4634 Nam
1149 4551 1270 4664 primi
1300 4554 1453 4666 eliyport
1497 4545 1666 4658 uniuerfi
1705 4543 1872 4656 aedificii

273 4659 477 4768 tubibtrtt,
504 4687 587 4748 tum
610 4665 816 4782 figillatim
845 4670 925 4763 eius
951 4692 1076 4782 partes
1105 4693 1349 4780 percurrunt,
1377 4668 1560 4752 uidelicet
1587 4664 1742 4764 oculoru,
1770 4663 1871 4748 eulai-

272 4777 379 4884 σιὼ,
408 4779 535 4884 attio,
553 4777 701 4889 scolas,
729 4784 915 4890 plotem,
944 4786 1091 4897 scyllas,
1125 4785 1429 4900 pinacothecam,
1458 4785 1586 4870 aedem
1606 4777 1784 4890 sacrem,
1811 4780 1872 4890 pi·

267 4898 424 5001 uara,
460 4895 627 5004 statuas,
665 4901 875 5009 pabulum,
920 4903 1172 5004 viridarium,
1217 4903 1464 5011 peribolium,
1507 4901 1660 5010 alioque
1698 4896 1875 4982 immonis

272 5014 382 5100 melis
410 5015 576 5100 menbra
604 5043 721 5118 atoue
748 5044 985 5114 ornamento,
1016 5053 1060 5106 eor
1090 5050 1245 5134 quorum
1277 5019 1505 5135 iugulorum
1533 5014 1724 5125 eorlpcllu
1754 5013 1875 5124 resul-

272 5153 335 5220 tat
361 5132 583 5252 magnificae
612 5135 745 5252 illius,
781 5165 827 5224 ut
854 5140 913 5226 ite
941 5139 1088 5248 dicem,
1127 5138 1331 5230 Ueleeulat
1369 5129 1536 5250 effigies.
1575 5132 1681 5221 idem
1715 5133 1875 5316 protolli·

690 5257 700 5272 ·
1350 5281 1355 5288 ·
1750 5261 1776 5314 or
