4602 6136
498 443 531 529 7
811 409 1203 534 ANTJQHT.
1251 407 1481 502 mrnlt
1520 408 1693 504 ΑΕΗ
1964 420 1995 503 8

1132 575 1363 664 ΣΒΑΣΑ

1141 734 1357 808 SUASA

741 877 1149 974 fratrorum
1189 879 1387 966 unra
1424 831 1757 969 Annorum

742 1037 1140 1112 GRAECORUM
1201 1035 1379 1112 NATA
1436 1037 1747 1112 LABORUM

528 1182 900 1268 AAAPHKBz
931 1183 1168 1266 ῡΜΠΒΣ
1199 1185 1297 1266 ΜΕ
1328 1185 1636 1270 ΠΕΡΔΕΡΕ
1666 1180 1952 1269 ΚΩΝΑΝΣ

552 1337 877 1413 auruleus
954 1339 1149 1412 ...rus
1203 1339 1290 1414 ΜΕ
1345 1341 1625 1412 aarum
1681 1339 1936 1412 cousus

510 1483 656 1566 TOT
685 1485 1187 1572 ΑΔΙΑΚΕΝΤΙΒΜ
1218 1479 1653 1570 ΟΠΠΗΔΩΡΒΜ
1684 1483 1983 1566 MATPEM

515 1637 643 1715 ‘ror
692 1639 1158 1716 amaccurturn
1242 1641 1616 1716 orrtuouurn
1691 1635 1968 1714 Murrum

1088 1788 1411 1873 KPEABIT

1117 1945 1403 2018 CREAVIT

988 2086 1086 2176 ΤΩ
1126 2087 1269 2176 ΘΕΩ
1306 2081 1505 2178 ΔΟΞΑ

979 2242 1049 2318 boc
1063 2244 1110 2319 est
1160 2250 1230 2319 Deo
1341 2246 1469 2344 gloria.

440 2383 569 2462 Iisdem
588 2409 700 2478 vero,
720 2384 938 2490 proximisve
962 2383 1391 2488 temporibus,lA?antea
1417 2389 1684 2484 Burgundiones,
1710 2389 1745 2462 ἃ
1773 2385 1836 2486 ipfi
1862 2380 2050 2460 Germani·

437 2487 480 2560 in
506 2489 646 2562 Gallias
672 2515 814 2588 quoque
840 2489 974 2564 rabiem
999 2487 1094 2564 suam
1121 2517 1203 2565 exo·
1285 2515 1462 2592 cogens,
1497 2488 1580 2562 fixis
1607 2491 1739 2564 laribus
1773 2489 2047 2564 dominabatur.

437 2609 606 2664 nerarunt
634 2593 802 2684 Vandali,
836 2593 963 2684 Saevi,
999 2595 1201 2688 Burgundio·
1287 2595 1391 2666 ltalia
1417 2617 1502 2664 vero
1529 2590 1629 2682 ipsa,
1662 2591 1880 2690 posteaquam
1908 2591 1952 2664 ab
1976 2593 2048 2660 Ar·

383 2775 391 2782 ,
439 2715 516 2780 nes,
541 2693 678 2784 ofiani,
715 2695 759 2764 O*
784 2695 925 2766 Hanni.
964 2693 1019 2766 lbi
1047 2693 1205 2794 profesio
1282 2695 1346 2764 tila
1371 2690 1614 2792 potentiffimo
1634 2699 1821 2764 Hunnorum
1849 2699 1943 2792 Rege
1968 2696 2048 2764 An·

438 2789 460 2861 b
489 2792 659 2866 Romanis
695 2820 767 2870 non
793 2820 865 2868 uno
893 2793 931 2867 in
958 2797 1041 2868 loco
1076 2821 1130 2868 res
1156 2795 1202 2868 se·
1282 2819 1330 2867 no
1364 2795 1582 2867 CCCCLlI.
1609 2791 1738 2866 vallata
1774 2793 1914 2886 suerat,
1949 2788 2048 2866 uidit

436 2890 559 2966 liciter
584 2894 720 2994 gestae,
757 2899 940 2994 multaque
970 2897 1201 2972 barbarorum
1283 2899 1432 2968 Romam
1468 2893 1585 2966 denuo
1619 2913 1786 2993 captam,
1826 2923 1868 2970 ae
1903 2894 2049 2992 praedae

436 2992 557 3068 millia
592 2995 713 3070 caesa:
753 2998 867 3071 immo
893 2999 928 3071 δι
967 2997 1030 3098 ipsa
1057 2999 1201 3073 Barbari
1281 2996 1399 3070 datam
1437 3000 1547 3068 Anno
1582 2999 1799 3072 CCCCLV.
1829 2999 1849 3070 l
1885 2999 2049 3090 Gesseric·

436 3091 535 3168 inter
570 3093 604 3169 se
638 3095 840 3188 discordes,
880 3098 965 3172 dum
1001 3099 1039 3173 in
1076 3100 1205 3175 alienis
1283 3099 1498 3171 Vandalorum
1524 3101 1643 3196 Rege,
1670 3123 1824 3196 quocum
1851 3099 1965 3196 janai
1992 3104 2046 3174 A·

438 3191 565 3292 spoliis
591 3198 840 3296 conquirendis
872 3197 1020 3295 quisque
1045 3199 1204 3276 intentum
1281 3197 1389 3273 sricae
1416 3199 1567 3298 Populi,
1594 3196 1756 3270 miseram
1776 3197 1865 3272 banc
1894 3201 2046 3274 Provin-

437 3292 616 3368 sociorum
643 3297 876 3398 progrefftbus
901 3299 1066 3392 invidet,
1092 3304 1202 3376 variis
1226 3309 1255 3380 B
1282 3299 1372 3373 ciam
1400 3297 1509 3372 serrae
1535 3315 1648 3370 totam
1675 3295 1873 3391 incendiis,
1900 3327 1940 3374 ac
1967 3327 2045 3375 cae·

437 3393 474 3468 se
500 3394 534 3470 se
560 3396 718 3473 inuicem
745 3399 893 3500 proeliis
917 3398 1113 3476 attrivere.
1149 3407 1204 3477 At
1282 3401 1384 3474 dibus
1409 3399 1675 3498 impleverunt.
1709 3397 1838 3472 Dirum
1866 3400 1945 3476 saue
1972 3399 2047 3502 spe.

435 3493 525 3572 haec
550 3497 702 3575 minime
735 3501 973 3594 obstiterunt,
1010 3503 1203 3602 quominus
1281 3501 1487 3592 blaculum,
1507 3499 1640 3574 intueri
1664 3521 1790 3600 gentes
1805 3521 1880 3577 tam
1906 3504 2045 3598 varias,

436 3599 555 3674 varias
599 3601 663 3676 fibi
708 3601 893 3678 subderent
936 3604 1124 3704 regiones,
1166 3609 1200 3678 m
1282 3603 1453 3702 simulque
1470 3627 1593 3676 omnes
1611 3601 1754 3692 efferas,
1782 3603 1937 3705 undique
1957 3632 2044 3680 con.

437 3699 610 3798 usquein
637 3703 855 3804 Hispanias,
891 3721 997 3802 atque
1024 3707 1062 3780 in
1089 3705 1201 3808 ipsam
1283 3703 1388 3779 fluere
1423 3703 1462 3777 in
1499 3702 1653 3779 Romani
1693 3704 1838 3804 imperii
1873 3707 2047 3801 ruinam,

437 3799 602 3876 Africam
630 3821 874 3898 penetrarent,
901 3806 962 3880 ubi
987 3805 1085 3882 suum
1113 3827 1200 3882 tam·
1284 3799 1464 3905 Urbesque
1489 3803 1564 3879 solo
1590 3825 1780 3902 aequatas,
1821 3833 1922 3909 agros
1947 3809 2047 3886 desn-

436 3900 518 3976 dem
545 3905 704 3978 Gothi&
734 3908 874 3980 Vandali
909 3906 1108 3984 slabilivere
1135 3909 1199 3984 im·
1282 3911 1401 3996 latos,
1436 3907 1472 3978 u
1499 3923 1560 3980 aut
1586 3902 1709 3995 caesa,
1737 3927 1798 3980 aut
1824 3913 1865 3983 in
1891 3913 2045 4013 captivi·

437 4003 603 4101 perium.
638 4010 758 4081 Tanta
784 4005 930 4107 praedae
965 4007 1119 4085 facilitas
1149 4012 1198 4084 in·
1283 4025 1391 4082 tatem
1413 4005 1562 4080 abdulla
1580 4023 1638 4081 tot
1660 4005 1941 4088 Christianorum
1961 4013 2046 4086 mil.

438 4103 506 4179 llar
532 4108 636 4182 tubae
662 4106 757 4202 fuit,
784 4127 826 4182 ut
850 4135 949 4200 reor,
976 4139 1064 4208 quae
1091 4102 1216 4211 nouos}
1274 4113 1357 4197 ,lia.
1394 4113 1471 4182 Nos
1506 4105 1614 4182 facile
1649 4107 1828 4184 interdum
1863 4111 2050 4206 querimur

437 4203 636 4284 identidem
657 4215 813 4310 Populos
828 4239 872 4286 ex
887 4214 1106 4311 Aquilonari
1126 4206 1322 4301 Cli-'ciac
1348 4208 1530 4299 dolemus,
1583 4207 1652 4283 uafi
1677 4209 1800 4286 noslris
1824 4213 2045 4308 temporibus

439 4325 537 4382 mate
561 4311 601 4382 in
626 4312 904 4387 Meridionalem
940 4314 1121 4413 regionem
1148 4316 1202 4390 in·
1283 4311 1423 4384 fortuna
1449 4236 1591 4386 adverla
1609 4337 1789 4388 aerumnas
1816 4327 1956 4385 tantum
1982 4341 2044 4412 pa·

436 4409 599 4484 vitabat.
624 4417 745 4506 Quare
770 4417 806 4487 &
821 4415 1067 4511 anglossaxones
1093 4421 1203 4491 Anno
1283 4413 1396 4503 rarit,
1431 4413 1466 4485 dt
1500 4413 1657 4512 antiquis
1693 4412 1768 4482 suos
1794 4409 1869 4486 dies
1903 4412 2045 4492 invides

439 4513 711 4591 cccchtrt.
746 4518 766 4587 ὲ
806 4516 998 4591 Germania
1038 4496 1216 4663 magnam}
1283 4541 1384 4589 mus.
1425 4513 1555 4618 Digito
1588 4514 1706 4587 slatim
1741 4511 1836 4587 labia
1873 4543 2045 4614 premere·

439 4613 664 4690 Britanniam
700 4614 955 4716 ingreffi,‘sui
992 4619 1078 4718 juris
1112 4620 1201 4694 sece-
1283 4643 1381 4706 mus,
1409 4617 1603 4714 meliusque
1621 4613 1665 4686 de
1689 4631 1804 4688 aetate
1828 4619 1941 4692 nossra
1963 4622 2045 4718 qui·

440 4729 544 4793 run't.
570 4720 718 4793 Saeculo
736 4745 878 4818 quoque
897 4717 1044 4810 eodem,
1069 4723 1105 4794 dt
1126 4721 1202 4795 sub·
1283 4718 1364 4819 sque
1389 4715 1561 4808 sentiret,
1588 4714 1650 4790 ubi
1670 4743 1733 4792 uos
1756 4719 1915 4794 Historia
1940 4716 2045 4793 doce·

439 4809 597 4910 sequenti
614 4819 736 4914 sexto,
755 4818 1099 4911 Franci,sortisfima
1115 4828 1201 4897 Ger·
1282 4840 1361 4909 ret,
1399 4821 1526 4921 quibus
1560 4817 1652 4892 olim
1693 4821 1937 4894 calamitatum
1976 4817 2044 4895 flu·

439 4935 628 4996 manorum
648 4923 771 5017 natio,
797 4922 1032 5020 irrumpentes
1051 4923 1090 4997 in
1116 4928 1201 4998 Gal·
1280 4922 1398 4996 diibus
1431 4921 1563 4997 suerint
1598 4921 1663 5000 bae
1697 4919 1790 5020 ipsae
1826 4920 1967 5009 Urbes,
1998 4947 2042 4996 ae

439 5009 555 5127 llfflg
590 5018 763 5124 integram
790 5021 912 5100 sensim
946 5023 1103 5124 eripuere
1130 5031 1199 5100 Ro·
1282 5023 1493 5102 Provinciae
1527 5027 1711 5130 agitatae,
1746 5017 1785 5090 in
1825 5017 1925 5116 queis
1964 5037 2042 5096 tam

439 5137 584 5209 11111111,
618 5121 659 5218 ‘i
683 5127 791 5204 etiam
826 5143 926 5232 parte
960 5125 1101 5231 potiti,
1139 5128 1201 5210 ubi
1279 5124 1447 5228 queruli,
1483 5147 1590 5230 atque
1624 5117 1781 5226 inquieti
1814 5145 1909 5222 nunc
1942 5119 2043 5222 viri·

1281 5253 1384 5316 mur.
