4602 6136
306 483 386 563 109
585 454 1100 544 DlSSERTATlO
1151 455 1518 550 SECUNDA.
1714 491 1797 550 110

239 563 347 645 bialle
372 571 415 648 ad
444 577 644 678 Romanum
673 573 934 674 Imperium,&
954 575 1003 649 le·
1031 577 1063 646 Α
1094 573 1319 674 Pertingebat
1349 575 1422 670 ipse
1449 577 1491 654 ad
1518 575 1752 654 Occidentem
1780 581 1858 650 Du·¹

240 667 371 848 llll
384 673 1001 855 lilioli?„iiiiii-iil
1094 675 1599 854 lillnllssllblll
1621 677 1858 856 {aliialii

232 873 305 970 see,
333 881 519 973 Lunenses,
546 833 811 976 etqrre'Bledani
844 883 875 952 ei
893 827 1002 975 sura:
1093 897 1206 952 totam
1239 803 1433 972 quliarti,
1470 877 1640 977 simulque
1675 881 1860 958 Civitates

238 999 347 1052 menta
367 982 584 1078 praestiterint
599 1036 607 1056 .
625 987 781 1061 Exarcus
808 1011 893 1060 vero
916 984 1003 1061 baec
1093 981 1214 1071 Baris,
1241 976 1449 1070 Beurrdusti,
1474 1005 1513 1054 π
1540 983 1710 1072 Tarenti,
1745 1006 1856 1081 quum

241 1075 420 1171 audiens,
450 1083 622 1158 Romanis
648 1086 820 1187 junsius,
848 1085 887 1160 in
914 1087 999 1162 sedi·
1097 1082 1360 1176 Hydruntum,
1396 1106 1631 1182 magnamque
1666 1083 1855 1158 Calabriae

241 1181 373 1259 tioium
400 1182 582 1260 bominem
610 1186 864 1282 irruens‚eum
886 1193 904 1263 ὲ
930 1219 1001 1266 me.
1097 1204 1266 1280 partem,
1307 1182 1462 1282 aliasque
1499 1181 1696 1258 maritimas
1743 1184 1855 1258 Urbes

240 1283 303 1360 dio
330 1283 484 1358 sustulit.
513 1285 605 1362 Aila
632 1287 716 1366 haec
743 1290 886 1366 circiter
925 1298 999 1368 An·
1093 1285 1222 1361 Graeci
1249 1286 1268 1358 l
1296 1283 1610 1386 Langobardorum
1638 1285 1776 1387 impetu
1811 1283 1856 1360 il·

239 1409 327 1462 num
356 1389 570 1460 Dccxxrt.
598 1391 662 1464 Sed
690 1393 769 1494 quis
795 1395 895 1468 loeus
921 1394 1002 1470 heic
1095 1386 1200 1464 laesas
1245 1386 1459 1463 servassent.
1499 1385 1679 1464 Civitates
1714 1413 1856 1486 quoquc

240 1484 465 1578 Lunenfibru,
492 1514 599 1584 quum
627 1511 725 1568 certo
760 1495 892 1571 certius
926 1495 1000 1592 fit,
1032 1510 1059 1582 Β
1094 1490 1273 1588 Neapolis,
1301 1489 1460 1580 Caietae,
1486 1489 1667 1581 Surrenti,
1695 1489 1855 1588 aliaeque

239 1583 437 1662 Lunensem
465 1589 665 1668 Civitatem
692 1595 732 1671 in
774 1597 923 1694 Liguria
959 1599 997 1673 sr·
1095 1611 1156 1668 aut
1192 1592 1434 1666 conterminae
1469 1609 1530 1665 aut
1574 1589 1780 1692 subjunslae
1812 1589 1856 1668 ad

240 1706 314 1763 tam
341 1691 585 1784 Langobardis
612 1697 999 1798 paruilleiBledalseu
1094 1693 1284 1770 Meridiem
1311 1691 1348 1767 in
1372 1697 1588 1768 Graecorum
1615 1691 1754 1767 ditione
1781 1719 1857 1792 per·

239 1789 358 1890 potius
383 1791 510 1882 Blera,
537 1821 631 1872 nunc
658 1803 788 1898 Riedo)
827 1803 1000 1878 &Mera-
1094 1797 1277 1872 stiterunt.
1307 1793 1499 1894 Reliquum
1528 1793 1702 1892 Regionis
1725 1792 1855 1888 illius,

238 1917 371 1982 tenum,
388 1890 458 1969 ive
472 1900 702 1975 neronianum
716 1902 835 2000 (nunc
862 1923 901 1978 ut
928 1933 1000 1980 cro.
1091 1925 1179 1996 quae
1195 1923 1288 1970 nunc
1305 1901 1465 1996 Regnum
1482 1895 1760 1993 Neapolitanum
1771 1922 1856 1972 con·

237 1989 357 2084 ditur,
384 1999 592 2096 Barbereno)
620 2027 691 2076 non
717 2023 834 2078 autem
863 2011 1001 2079 Manere-
1094 1999 1193 2090 licit,
1216 1998 1468 2096 Langobardos
1495 1997 1658 2072 dominos
1681 1997 1856 2098 agnovit.

237 2094 388 2187 riarum,
414 2100 546 2196 oppida
571 2101 667 2178 strere
694 2105 846 2181 Tusciae
873 2112 999 2182 Subur·
1094 2108 1148 2176 Ac
1185 2119 1367 2198 propterea
1402 2125 1491 2192 quae
1531 2098 1717 2194 provincia
1761 2125 1854 2173 nunc

238 2195 412 2289 bientiae,
438 2227 533 2276 nunc
561 2201 623 2280 lita
649 2205 688 2282 in
726 2209 910 2306 provincia
940 2215 1000 2285 Pa·
1092 2205 1290 2290 rubellas&
1308 2207 1408 2274 Tem
1428 2203 1561 2293 ΨΜ
1588 2225 1668 2274 Cum
1685 2199 1853 2300 Praestffi

235 2298 424 2390 trimonii,
452 2321 559 2402 atque
584 2306 627 2380 ad
665 2313 843 2385 Ducatum
872 2316 1001 2386 Roma.
1093 2303 1223 2380 tillima
1237 2303 1330 2376 Urbe
1345 2311 1501 2398 Capuae,
1528 2300 1767 2400 incipiendol
1784 2305 1855 2378 Ca·

234 2427 320 2476 num
351 2404 596 2504 pertinebant.
615 2412 699 2484 Veri
728 2412 880 2487 omnino
907 2413 998 2488 fimi·
1029 2416 1061 2492 C
1091 2406 1158 2482 stro
1185 2405 1347 2504 Apurios,
1371 2405 1490 2478 Nolam
1517 2401 1655 2500 usque,
1690 2429 1730 2478 ac
1769 2402 1855 2480 inde

233 2506 271 2578 le
295 2504 370 2590 eli,
398 2511 639 2586 conterminos
666 2513 761 2590 bisce
800 2513 900 2591 suill'e
935 2515 996 2612 qui
1093 2511 1212 2612 paucis
1248 2505 1441 2582 maritimis
1477 2504 1632 2580 Urbibus
1672 2503 1853 2598 dimiffis,

233 2609 395 2700 Lunenses
439 2607 538 2706 supra
575 2613 855 2707 dicuntur-,sed
892 2616 998 2692 facile
1095 2609 1268 2713 pergendo
1286 2609 1482 2700 Salernum,
1518 2627 1596 2684 tum
1637 2633 1707 2682 non
1744 2607 1854 2684 inter·

234 2736 299 2810 pro
328 2712 487 2798 Lunenses
513 2717 714 2814 quodquam
743 2719 839 2795 aliud
867 2745 996 2796 nomen

233 2813 301 2887 elle
328 2813 407 2887 illic
436 2814 675 2896 scribendum.
703 2821 811 2916 Quod
836 2830 920 2898 verb
947 2843 997 2899 at·

235 2913 332 2987 tinet
354 2914 396 2987 etl
416 2933 576 3008 tempora
596 2921 830 3016 subsequuta,
851 2924 943 2997 nibil
964 2953 996 2997 a·

234 3013 311 3090 liud
329 3017 560 3108 memorabo,
588 3022 651 3094 nili
667 3022 841 3098 Placitum
857 3023 900 3100 ad
917 3029 997 3100 Mo·

233 3114 420 3192 naslerium
437 3117 600 3196 Patiense
617 3120 794 3218 speslans,
814 3125 909 3226 quod
926 3130 1001 3202 An·

232 3244 282 3293 no
309 3223 452 3294 MXlV.
482 3219 608 3298 babuit
638 3225 823 3302 Rainerius
851 3232 997 3305 Dux&

1094 2736 1199 2814 rupto
1225 2711 1353 2786 itinere
1383 2737 1442 2808 per
1466 2735 1565 2784 oram
1593 2709 1700 2784 maris
1735 2708 1855 2802 Cesen-

1093 2817 1175 2888 riam
1201 2812 1331 2912 usque,
1357 2812 1441 2888 baec
1467 2812 1590 2886 omnia
1626 2808 1854 2886 vallillimum

1094 2914 1290 2994 Beneventi
1302 2919 1481 2987 Ducatum
1495 2911 1763 2987 constituebant.
1775 2915 1853 2988 Hac

1094 3021 1137 3094 de
1163 3045 1201 3094 re
1234 3015 1403 3116 legendus
1429 3011 1621 3088 Traslatus
1649 3015 1690 3084 ele
1724 3019 1854 3088 Durare

1094 3129 1339 3206 Beneuentano,
1366 3141 1471 3215 quem
1498 3115 1611 3190 edidit
1635 3117 1794 3216 egregius
1810 3117 1855 3192 il·

1094 3230 1208 3299 larum
1233 3217 1388 3322 portium
1413 3215 1562 3314 scriptor
1586 3217 1766 3292 Camillus
1792 3221 1853 3294 Pe.

232 3321 405 3397 Marabio
439 3323 593 3401 Tusciae
631 3328 833 3402 inTurride
865 3333 998 3430 Cergni·
1031 3327 1064 3398 D
1092 3324 1268 3426 tegrinius
1289 3318 1524 3420 inOpusrulo
1550 3318 1652 3392 edito
1676 3321 1784 3393 Tom.
1805 3325 1853 3394 V.

231 3446 285 3498 to.
313 3424 387 3498 Sita
415 3423 499 3499 haec
526 3426 573 3500 cll
596 3428 633 3503 in
652 3430 865 3524 Provincia,
891 3460 996 3531 quam

230 3553 326 3600 nunc
361 3530 544 3628 appellant
578 3530 843 3609 Patrimonium
878 3535 994 3610 sanni

232 3627 358 3702 Petri:
388 3657 568 3730 quumque
594 3632 646 3708 ibi
677 3635 733 3732 ius
765 3635 899 3712 diceret
934 3637 998 3712 ille

229 3729 427 3822 Man-bio,
454 3732 539 3806 hinc
566 3734 786 3832 perspicuum
815 3736 882 3829 est,
921 3767 998 3814 eam

230 3829 418 3930 regionem
443 3832 485 3906 ad
514 3837 713 3912 biarchiam
736 3837 894 3915 Tusciae
905 3841 994 3915 olim

231 3928 460 4030 pertinuisse.
500 3935 596 4010 Vide
628 3939 721 4015 idern
753 3941 929 4017 Placitum
959 3943 996 4017 in

230 4031 419 4108 Chronico
445 4035 595 4112 Farsenfi
625 4043 719 4115 Part.
736 4047 781 4116 ll.
810 4046 921 4119 Tomi
952 4049 997 4119 ll.

231 4139 315 4210 Rer.
344 4135 499 4211 toliere.
521 4155 599 4240 pag.¹
627 4162 710 4236 523.
742 4147 918 4222 Praeterea
929 4137 996 4220 ''al-

1095 3432 1226 3502 Rerum
1237 3424 1465 3498 Italicarum.
1478 3421 1542 3498 Sed
1558 3448 1646 3520 quae
1662 3419 1741 3495 sunt
1757 3421 1853 3496 vices

1092 3530 1322 3606 humanarum
1350 3550 1494 3615 rerum,
1520 3526 1630 3596 Anno
1651 3523 1852 3598 DCCCLI.

1093 3651 1133 3721 ut
1159 3630 1332 3706 diuturno
1356 3627 1451 3700 bello
1477 3622 1559 3699 finis
1583 3621 1705 3712 lieret,
1732 3624 1854 3700 Ludo·

1093 3734 1193 3810 vicus
1219 3734 1267 3806 ll.
1290 3725 1602 3828 imperatoe,teste
1626 3722 1856 3825 Erchemper.

1093 3855 1153 3924 to,
1182 3843 1303 3910 Leone
1342 3824 1518 3921 Ollienli,
1541 3831 1576 3902 δι
1606 3826 1718 3912 aliis,
1755 3850 1856 3902 toran

1093 3937 1299 4010 Provinciam
1323 3941 1588 4008 Beneventanum·
1613 3931 1695 4000 iuter
1730 3932 1856 4002 Radri-

1091 4041 1174 4112 thim
1198 4039 1243 4108 θ
1276 4035 1501 4127 Sieeoulpbune
1535 4057 1632 4126 aequo
1658 4029 1727 4114 iure
1750 4029 1857 4126 parti.

1091 4163 1144 4212 tus
1168 4139 1237 4227 esi:
1261 4136 1352 4212 unde
1377 4133 1603 4206 salernitanus
1627 4133 1855 4228 Praecipuus,

228 4255 347 4312 terum
378 4237 555 4314 Placitum
584 4241 666 4316 vide
692 4271 769 4346 pag.
812 4270 896 4345 575,
923 4249 995 4344 eju.
1029 4257 1057 4326 Ε
1094 4245 1113 4317 l
1141 4267 1213 4340 quo
1239 4242 1469 4355 Caprearum
1497 4235 1732 4308 Meridionali
1760 4255 1858 4324 parte

229 4339 330 4415 sdetn
364 4339 538 4416 Chronici
576 4342 739 4418 habitum
776 4347 863 4439 infra
901 4351 991 4424 Cior'·

227 4463 331 4516 tarem
355 4445 399 4513 de
433 4444 585 4516 coronio
605 4445 620 4532 l
632 4473 725 4520 nunc
760 4451 926 4550 Corneto)
954 4452 997 4524 ab

227 4543 416 4620 ,adalberto
443 4543 546 4636 Milli
579 4550 701 4621 Domni
725 4549 886 4632 Bonifatii
927 4558 994 4626 lno-

229 4647 277 4720 rir
314 4645 362 4716 Θ·
392 4649 618 4734 Merehioair,
655 4651 718 4746 qui
752 4651 882 4726 bidem
920 4657 992 4728 Tu·

228 4747 324 4823 seiae
352 4751 436 4821 Dux
462 4749 496 4821 lt
525 4751 697 4828 Marcbio
734 4779 800 4854 pto
834 4758 996 4831 Romano

229 4849 390 4932 imperio
418 4869 594 4936 praeerat.

285 4951 463 5026 Poilrerna
491 4952 611 5040 portio
627 4953 706 5036 ,sed
720 4957 933 5034 nobiliffima
947 4978 997 5032 at·

1096 4343 1230 4418 divisae
1255 4364 1413 4440 regrome
1438 4335 1610 4434 pendebat
1635 4391 1647 4426 ,
1683 4333 1856 4412 conflatus

1095 4445 1160 4520 est.
1188 4441 1314 4518 Divisa
1340 4437 1487 4514 subinde
1511 4437 1580 4512 suit
1606 4439 1640 4511 dr
1669 4437 1754 4512 baec
1779 4465 1858 4533 por.

1079 4547 1174 4637 ¹tio,
1199 4564 1305 4646 atque
1331 4541 1536 4618 etiormatus
1560 4549 1735 4638 Capuanus
1760 4541 1858 4612 Pria·

1095 4652 1238 4747 ripario,
1266 4647 1364 4745 cujus
1406 4645 1585 4738 Principes
1625 4644 1761 4716 Conires
1796 4667 1858 4740 ap·

1096 4749 1220 4854 pellati
1248 4750 1419 4824 illustrem
1446 4752 1585 4823 Locum
1625 4746 1662 4822 in
1700 4743 1859 4824 Historia

1098 4853 1242 4952 antiqua
1260 4851 1496 4926 invenerunt.
1519 4851 1576 4924 Sic
1598 4848 1750 4922 Manlia
1774 4852 1858 4924 Tea·

1097 4957 1171 5029 tino
1183 4953 1339 5029 occurrit
1358 4951 1397 5028 in
1414 4971 1571 5026 veterum
1593 4948 1858 5042 monumentis,

228 5079 301 5152 que
329 5053 563 5154 ampliffinra,
592 5058 703 5155 Regni
736 5061 853 5134 italici
883 5062 924 5135 ad
949 5066 998 5134 0-
1096 5084 1185 5150 uuae
1212 5055 1351 5130 sortasse
1392 5054 1527 5128 coaluit
1562 5080 1605 5126 ex
1634 5051 1862 5149 portionibus

226 5155 412 5260 rientem,
450 5155 521 5236 suit
546 5165 693 5236 uotam
717 5150 1022 5240 eremmon
1096 5157 1344 5236 Beaereataui
1367 5160 1552 5247 Ducatus,
1574 5151 1746 5331 fimullqpe
1766 5157 1859 5270 'Spo-

1682 5281 1809 5347 eant,
