4628 6150
326 451 408 538 373
610 409 1536 529 DtSSERTAT10.2U1NcTA.
1736 448 1819 532 374

258 532 652 638 recommemorent,
672 533 736 629 ipse
755 532 1027 604 nontamen„-
1053 547 1098 620 An
1116 531 1276 630 mrem)
1307 530 1439 628 gorm
1472 531 1619 624 casum
1644 531 1688 602 o
1713 537 1812 604 nate
1830 531 1881 625 fi.

263 665 333 738 ceps
359 640 402 710 (9
427 643 527 728 Dore,
554 637 599 706 Θ
622 631 694 720 eius
717 635 843 706 heredes
865 630 941 730 ipfis
958 638 1023 704 Co·

257 741 402 834 stodibor
424 738 495 832 jam
520 736 604 809 dille
629 733 764 820 Ecclesia
788 761 849 806 non
870 735 1027 831 adimple·

265 865 396 936 meros,
424 842 468 912 (Y
486 835 724 936 suprascripta,
749 836 806 910 vei
823 864 861 909 ex
876 837 922 909 eis
938 837 1021 934 quie·

265 967 540 1044 quammemovere
566 961 625 1010 aas
659 938 867 1014 contradicere
887 936 1022 1036 presum-

263 1047 411 1149 pserint,
449 1039 611 1138 obligavit
640 1039 679 1132 se
717 1041 761 1110 Ο·
792 1039 867 1134 snos
905 1045 1029 1137 heredes

267 1172 440 1245 componere
465 1141 652 1230 custodibus
679 1139 777 1237 ipsias
803 1140 937 1225 Eccleste
969 1145 1026 1212 du·

268 1271 369 1326 tentor
393 1247 468 1320 aori
492 1243 616 1336 solidos
654 1240 854 1328 Constantio.
880 1243 924 1311 (J
948 1244 1030 1312 duas

267 1351 442 1426 Chartolar
467 1347 563 1420 unius
586 1341 722 1441 tenoris,
748 1343 828 1414 hane
850 1367 944 1438 quam
968 1341 1028 1438 ipſs

1117 632 1182 706 lios
1205 631 1296 728 ejus,
1318 641 1421 708 Anno
1445 631 1587 726 oolam,
1614 633 1715 724 mense
1732 635 1882 728 Martio,

1118 731 1255 827 Gajeta.
1291 738 1501 826 intereos,
1537 735 1600 834 qui
1636 734 1781 828 adsunt,
1808 763 1881 812 sno-

1120 855 1277 912 moatur
1293 843 1437 910 Domnos
1460 838 1616 910 Marinus
1640 843 1720 910 Dore
1744 842 1883 912 Funda-

1120 965 1203 1014 nus.
1230 942 1342 1014 Anno
1367 939 1475 1015 etiam
1502 942 1682 1014 MLXIV.
1709 965 1883 1030 memocaq

1121 1059 1196 1112 turn
1225 1040 1344 1116 videas
1371 1043 1571 1136 Raynerium
1597 1041 1748 1114 Comitem
1765 1042 1883 1132 filium

1119 1147 1277 1238 quondam
1303 1144 1423 1215 Domni
1458 1143 1558 1215 Leoni
1587 1142 1718 1238 gloriofi
1751 1143 1884 1234 Consuli

1123 1246 1167 1312 (J
1192 1245 1317 1318 Dacis.
1354 1249 1402 1334 Et
1430 1246 1539 1318 Anno
1569 1248 1693 1318 MCV.
1720 1246 1883 1316 Ricardae

1123 1350 1201 1416 Dux
1233 1345 1462 1436 Gajetanorom
1497 1347 1542 1416 (9‘
1576 1351 1686 1420 Comes
1718 1342 1883 1439 Sueffano·
2020 1407 2023 1412 .
2087 1439 2095 1448 α

271 1449 406 1534 Ecclefie
429 1445 558 1536 emifit,
593 1445 638 1513 Θ·
669 1443 804 1516 alteram
835 1470 932 1540 quam
967 1443 1031 1538 ipse
1060 1471 1085 1542 Β
1119 1471 1212 1519 rum.
1249 1449 1382 1519 Verltm
1418 1465 1475 1520 tot
1511 1447 1695 1544 Apuliae,
1730 1449 1884 1544 Campa·

272 1551 428 1628 Dominus
445 1548 595 1642 Princeps
616 1545 750 1635 retinet,
769 1565 801 1614 te
819 1545 1029 1616 Romoaldam

270 1651 439 1729 Notarium
457 1649 596 1744 scrivere
616 1645 829 1744 precepimus,
855 1645 911 1742 qai
931 1645 1021 1716 inter·

287 1755 379 1843 oilli.

265 1755 292 1846 f
323 1861 366 1946 ᾧ
394 1835 547 1949 330*an
565 1851 665 1947 supra
687 1856 831 1922 Amator
845 1849 977 1938 Juden.

323 1961 366 2046 tit
393 1961 466 2050 Ego
490 1953 546 2050 qui
566 1953 665 2050 sopra
681 1957 828 2042 Joannes
843 1956 875 2042 J
877 1953 976 2020 oden.

321 2064 446 2132 Dorum
472 2080 613 2154 quoque
638 2052 863 2144 Cajetanornm
890 2049 1026 2122 mentio

270 2157 381 2234 estin
417 2155 574 2252 antiquis
609 2151 877 2250 monumentis3
915 2151 1027 2224 immo

271 2261 348 2336 suos
375 2257 483 2330 etiarn
515 2253 679 2328 Rcllores
706 2255 871 2325 Fundana
896 2254 1027 2323 Civitas

1079 1571 1083 1579 ·
1121 1548 1229 1638 niae,
1264 1547 1513 1628 &Calabriae
1550 1548 1773 1647 Principatus
1810 1546 1884 1620 sen·

1122 1643 1183 1720 fim
1210 1649 1363 1723 saeculis
1399 1648 1599 1724 Undecimo
1633 1651 1669 1722 δι
1706 1647 1885 1722 Duodeci-

1123 1775 1182 1822 mo
1222 1754 1429 1824 coaluerunt
1466 1752 1535 1824 unl
1571 1777 1652 1824 cum
1689 1749 1811 1824 sicilia
1845 1749 1884 1822 in

1125 1849 1304 1948 Principes
1333 1855 1602 1942 Nortmannos‚
1640 1849 1691 1926 uti
1729 1877 1773 1924 ex
1809 1851 1885 1952 ejus
1956 1910 1958 1916 ,

1125 1953 1281 2049 regionis
1308 1953 1463 2031 Hissocia
1491 1953 1646 2028 conllat.
1684 1957 1887 2026 Unum-ta·
2018 2009 2024 2024 .

1126 2077 1206 2124 men
1247 2053 1371 2127 addere
1412 2058 1527 2154 placet
1561 2054 1604 2128 ad
1645 2053 1885 2128 illustrandam

1125 2152 1237 2254 Regni
1276 2156 1508 2252 Neapolitani
1544 2155 1762 2230 Historiam.
1797 2158 1886 2230 Cer·

1123 2273 1198 2326 tum
1226 2253 1294 2346 est,
1332 2257 1524 2332 Robertum
1561 2255 1793 2330 Guiscardutn
1830 2255 1885 2330 in·

272 2361 418 2438 Saeculo
459 2357 610 2431 Decimo
647 2356 747 2428 Ducis
782 2353 893 2426 titulo
927 2378 1027 2426 orna·
1063 2357 1257 2462 Clclytum
1288 2363 1419 2435 Ducem
1448 2358 1543 2432 inter
1568 2358 1639 2432 alia
1675 2358 1883 2457 Principatu

271 2463 355 2538 bat.
393 2458 511 2534 Refert
540 2455 727 2557 Ughellius
762 2454 800 2528 in
830 2454 1026 2550 Appendic.

270 2564 313 2638 ad
340 2566 499 2638 Tornum
518 2563 565 2634 V.
594 2561 670 2633 ltal.
691 2561 783 2631 Sacc.
810 2553 848 2628 in
868 2553 1030 2654 Episcop.

273 2665 435 2764 Cajetan.
469 2662 607 2734 tabulas
642 2657 819 2756 scriptas,
855 2661 1031 2752 imperante

274 2772 398 2839 Damno
422 2762 521 2852 noflro
543 2759 680 2858 piiffimo
713 2778 860 2856 perpetuo
884 2757 1033 2856 Aregelia

275 2875 414 2954 ottone,
447 2871 550 2936 Anno
576 2861 704 2958 imperii
729 2860 798 2947 ejas
823 2858 943 2930 Oilaao
969 2865 1032 2932 De.

275 2969 353 3040 timo
388 2961 501 3058 (idest
527 2966 636 3034 Anno
663 2961 1032 3042 DccCCLx1x.i1·

275 3066 340 3142 lud
376 3063 472 3137 enim
507 3063 633 3134 Decimo
667 3059 852 3135 delendum
888 3061 962 3158 cll)
991 3067 1032 3130 (t

277 3167 467 3262 temporibus
492 3163 612 3236 Domni
627 3169 659 3254 J
659 3164 792 3235 ohannis
809 3162 938 3260 gloriost
954 3168 1036 3233 Con·

270 3271 358 3364 sniis
382 3267 427 3338 (Ψ
451 3265 573 3356 Ducis,
600 3263 678 3358 filii
710 3265 857 3337 Martini
891 3264 905 3362 (
922 3264 1040 3367 potius

1124 2458 1345 2532 Salernitano
1362 2458 1460 2534 soille
1476 2458 1656 2558 potitum,
1675 2485 1780 2557 quem
1801 2483 1883 2534 cum

1125 2555 1336 2658 amplissima
1370 2560 1520 2634 aliarum
1561 2561 1743 2636 ditionum
1780 2560 1884 2658 copia

1127 2657 1163 2730 in
1211 2662 1402 2760 Rogerium
1444 2666 1580 2736 Ducem
1623 2659 1739 2736 filium
1785 2661 1885 2738 luunt

1125 2759 1338 2836 transmisit.
1374 2763 1485 2863 Cujus
1512 2763 1562 2838 rei
1590 2762 1650 2838 etsi
1677 2763 1771 2836 nihil
1796 2790 1885 2864 opus

1125 2861 1171 2933 eli
1205 2861 1391 2936 adducere.
1408 2863 1529 2953 telles,
1562 2882 1719 2938 attamen
1745 2890 1788 2936 ex
1817 2871 1888 2936 Ar·¹

1124 2960 1233 3034 chfvo
1270 2962 1367 3062 supra
1404 2963 1538 3036 laudati
1573 2963 1781 3038 Monasterii
1816 2967 1887 3038 Ca·

1130 3059 1237 3136 venfis
1267 3066 1474 3156 Diplomata
1500 3063 1571 3138 duo
1607 3062 1780 3160 descripta
1807 3090 1885 3162 pro·¹
1925 3101 1927 3106 ·

1129 3164 1251 3238 ducere
1271 3163 1396 3254 statui,
1415 3165 1549 3238 Salerni
1571 3165 1768 3240 Dominum
1788 3190 1885 3238 eum·

1127 3264 1207 3340 dem
1235 3265 1427 3366 Rogerium
1455 3265 1558 3342 nobis
1583 3264 1823 3342 ostendentia.

280 3503 474 3619 Rogerius
505 3500 675 3620 Apuliae
706 3505 744 3588 a
776 3479 982 3588 Calibriae
1020 3505 1138 3608 Dux,
1177 3499 1256 3585 five
1292 3501 1488 3586 Robertus
1518 3497 1752 3590 Guilcardus
1782 3507 1877 3586 Dux

473 3620 555 3734 ejus
585 3647 718 3738 pater,
748 3616 1042 3705 Castellumde
1075 3615 1237 3704 Comite
1267 3617 1446 3706 concedit
1477 3617 1625 3706 Allano
1656 3625 1689 3706 1.

618 3735 921 3850 Archiepilcopo
951 3734 1224 3850 salernitano,
1253 3747 1377 3825 Anno
1413 3739 1538 3824 1080.

329 3979 364 4048 N
387 3973 511 4046 nomine
539 3968 648 4062 sanlie
678 3971 723 4042 D·
756 3967 928 4040 individue
961 3968 1035 4039 Tri·
1070 3969 1102 4038 D
1132 3969 1226 4054 nostri
1241 3969 1324 4061 Jeiu
1350 3969 1489 4058 Christi,
1526 3972 1570 4040 D·
1597 3967 1708 4062 sande
1732 3967 1802 4064 ejus
1827 3974 1890 4040 Ge«

351 4075 487 4148 nitatis.
514 4073 672 4164 Rogerins
689 4072 809 4142 divinat
829 4070 962 4160 favente
978 4069 1035 4138 cle·
1133 4070 1257 4141 nitricis
1275 4073 1319 4141 (Ὺ
1346 4070 1488 4166 Virginis
1513 4071 1644 4160 Maria,
1671 4073 1716 4140 Θ
1732 4071 1819 4143 beati
1836 4075 1891 4141 A·

235 4159 246 4178 ⁸
281 4178 401 4249 mentid
427 4182 522 4248 Dux.
552 4173 592 4246 Si
614 4173 766 4244 divinum
791 4175 930 4260 cultum,
960 4171 1036 4262 lan·
1129 4170 1239 4264 postoli
1265 4171 1308 4242 (J
1334 4169 1542 4267 Evangelilie
1568 4172 1733 4261 Mattbei,
1769 4173 1813 4241 D·
1853 4197 1887 4240 a·

281 4277 327 4347 tte
352 4275 485 4362 Ere-leste
519 4275 660 4346 honorem
694 4295 788 4370 atque
811 4274 958 4344 cultorem
982 4272 1036 4341 de·
1131 4273 1196 4341 lure
1221 4273 1326 4343 anime
1352 4273 1470 4360 nostre,
1498 4272 1724 4368 nostrorumque
1749 4169 1887 4368 ommium

282 4376 353 4448 hiet
378 4379 553 4448 reverentii
577 4377 687 4450 ordine
703 4377 802 4472 digno
820 4373 1036 4463 attendimus,

278 4475 414 4573 proseiio
448 4479 550 4562 nolito
586 4477 750 4549 devotione
785 4475 864 4564 eirea
892 4473 1038 4568 sanilam
1130 4471 1242 4544 dileile
1273 4474 1438 4572 conjungis
1472 4475 1596 4565 nostre,
1631 4474 1820 4547 concedimus
1854 4471 1889 4540 itt

280 4575 346 4650 Dei
372 4575 542 4660 Ecclefiam
569 4579 842 4675 diligentiffimam
871 4603 976 4648 coram
1002 4603 1037 4648 ac
1131 4576 1382 4672 Arebiepiseopio
1417 4575 1514 4667 hujus
1549 4575 1684 4648 nobis)
1719 4580 1787 4647 Deo
1821 4599 1891 4645 con·

275 4679 429 4774 solacium
452 4677 601 4749 adhibere
624 4682 790 4770 debemus,
816 4699 853 4749 nt
877 4698 967 4748 santo
986 4701 1041 4746 nos
1130 4673 1201 4770 ceffe
1225 4677 1428 4749 salernitane
1453 4677 1639 4766 Civitatis,
1674 4676 1725 4749 eoi
1749 4683 1892 4750 Domntts

275 4781 416 4876 superna
436 4778 543 4874 pietas
562 4779 701 4874 gratiose
723 4801 894 4877 protegat,
921 4796 1039 4876 quanto
1056 4817 1104 4886 :E
1132 4777 1279 4868 Alsanns
1298 4781 1411 4875 gratid
1429 4779 1494 4851 Dei
1510 4777 1770 4875 Arebiepiseopos
1792 4775 1895 4872 prees·

276 4881 458 4971 sententiae
490 4877 585 4971 suam
618 4879 788 4965 Ecclesiam
821 4905 879 4977 pro
912 4865 1059 4952 viribos'
1127 4879 1163 4968 se
1187 4879 1400 4974 dignoscitor,
1426 4884 1524 4952 locum
1549 4879 1607 4976 qni
1630 4879 1750 4950 aititur
1774 4876 1896 4965 Castel-

281 4989 420 5054 exaltate
452 5002 546 5078 atque
580 4979 663 5052 tueri
691 4978 889 5076 satagimus.
925 4982 1059 5060 incircor
1134 4982 1199 5049 ium
1225 4983 1265 5052 de
1290 4980 1437 5071 Comite,
1473 4979 1556 5076 qood
1590 4980 1677 5048 modo
1704 4979 1764 5074 ipfi
1799 4977 1895 5048 Curti

161 5070 172 5089 ⁸
278 5102 336 5180 pro
360 5107 461 5154 amore
489 5081 712 5180 omnipotentis
746 5083 813 5155 Dei
838 5084 882 5154 0·
907 5083 1040 5156 Domini
1052 5097 1061 5172 Ι
1114 5081 1233 5174 tnoJlre
1250 5079 1326 5177 jure
1341 5083 1500 5179 pertinet,
1526 5105 1593 5150 com
1611 5077 1804 5169 bominibus,
1830 5097 1893 5146 ter·

1244 5184 1328 5254 Aa
1380 5204 1403 5254 a.
1775 5185 1842 5266 rie,

1128 4393 1315 4468 parentum,
1343 4375 1387 4444 (θ’
1409 4373 1559 4470 petitione
1585 4375 1721 4446 Domine
1739 4383 1846 4445 San..
1860 4420 1892 4444 ..
2039 4433 2042 4440 .
