4622 6140
487 445 579 536 ,71
806 411 1198 535 Aurroorr.
1247 403 1474 500 unum
1520 407 1697 521 usur
1910 427 1998 536 172·

423 531 496 624 fios
521 555 596 608 aute
621 530 796 608 Dominum
814 541 1099 632 Papam.,Verum
1117 559 1194 605 eom·
1223 535 1260 608 A
1288 530 1411 622 dissic,
1445 529 1597 618 Ministro·
1623 531 1762 606 iudum
1786 535 1960 610 Dominum
1983 541 2056 612 Pla*

425 636 513 733 ploro
540 637 696 730 scrutinio
733 637 799 708 exit
836 634 986 724 Ostieufis
1025 635 1196 733 Episcopus
1283 653 1361 730 pum
1386 634 1557 704 Plautum
1583 633 1627 704 0
1652 637 1796 708 Pallium
1809 667 1831 727 ,·
1857 642 1902 713 Θ·
1927 643 2054 742 imposi-

428 740 474 811 ad
496 759 620 833 potem
645 745 866 834 Argenteum,
892 737 949 810 ubi
974 739 1193 836 Reginorum
1288 737 1325 804 cl
1351 735 1487 804 Mithri
1508 741 1680 832 procedes,
1706 741 1881 814 ordinibus
1904 745 1944 816 de
1969 771 2052 820 more

418 840 598 932 judicibus
624 841 669 912 (θ’
687 839 869 913 Beronibus
879 838 952 932 suis
966 839 1191 936 praestolatur,
1283 838 1539 934 procedeuubus.
1574 838 1649 924 Post
1673 863 1764 934 quem
1787 846 1893 918 vador
1917 847 2052 922 Elatia

428 941 475 1013 θ’
499 943 559 1014 dar
583 942 614 1014 ei
631 941 713 1014 haue
729 943 935 1014 Orationem:
951 941 1190 1038 Omnipotens
1288 964 1356 1010 cum
1384 936 1582 1035 supradisiis
1616 939 1798 1012 ductoribus
1824 945 1923 1040 suis,
1959 973 2057 1048 quen

427 1060 569 1117 aeterne
596 1047 717 1135 Deus,
757 1039 836 1116 fons
861 1044 896 1113 dt
922 1038 1025 1140 origo
1052 1039 1187 1114 bonita-
1280 1038 1433 1138 sequatur
1459 1045 1544 1112 Uxor
1566 1039 1637 1134 ejus
1659 1042 1816 1140 usquead
1836 1051 1959 1122 spem
1975 1056 2051 1128 bea.

427 1143 500 1236 tis,
535 1144 599 1244 qui
626 1144 741 1218 semen
767 1145 803 1214 &
830 1140 930 1216 sexus
956 1139 1008 1214 fra
1033 1139 1187 1215 ilitatem
1286 1141 1315 1213 ti
1339 1141 1432 1214 Petri
1444 1195 1454 1215 .
1490 1149 1579 1214 Tunc
1611 1143 1816 1216 Primiceriur
1848 1172 1957 1224 causas
1996 1156 2051 1229 in·

426 1271 651 1347 nequaquam
668 1242 886 1343 reprobando
903 1167 1116 1332 adversaris,
1133 1243 1187 1316 led
1286 1243 1415 1315 troicum
1438 1269 1507 1315 cum
1533 1247 1671 1336 Schola,
1698 1245 1744 1317 (9·
1766 1236 1880 1342 Kyrie
1906 1253 2051 1334 Eleison

426 1346 617 1449 dignanter
642 1346 907 1446 comprobando
927 1345 1047 1465 potius
1065 1344 1191 1446 eligis,
1286 1345 1331 1418 Θ·
1347 1343 1445 1430 siler.
1465 1346 1624 1418 Dominus
1644 1353 1739 1444 Papa
1759 1351 1902 1442 aseendit
1917 1363 1964 1428 ad
1980 1359 2052 1431 aas·

424 1446 552 1548 &qui
579 1445 704 1522 infima
731 1447 863 1524 Mundi
894 1447 1060 1550 eligendo
1086 1474 1189 1547 quac·
1218 1461 1247 1534 Β
1285 1466 1384 1536 rare,
1424 1447 1469 1518 (9·
1503 1449 1573 1546 poll
1608 1447 1818 1543 coufeffioeem
1851 1457 1911 1528 doe
1941 1479 2058 1556 pacm

426 1575 496 1651 que
523 1547 631 1626 sortia
651 1548 864 1626 confundere
885 1547 1091 1640 decrevisti,
1110 1550 1188 1647 qui·
1285 1549 1502 1640 Diorouibus,
1537 1551 1582 1620 θ’
1608 1550 1765 1643 iuoeusar.
1791 1559 1866 1641 Post
1890 1561 2049 1654 incensum

426 1677 497 1754 que
516 1666 677 1730 aeternae
697 1651 855 1754 gloriae,
873 1649 1089 1750 virtutisque
1108 1669 1189 1726 tuae
1285 1649 1424 1742 aseendit
1448 1653 1494 1724 od
1517 1657 1653 1724 Sedens.
1689 1651 1821 1726 Eleous
1853 1665 1928 1731 coro
1965 1665 2050 1740 inm

426 1753 650 1856 triumphum
691 1753 731 1828 in
771 1779 878 1829 manu
918 1751 1042 1845 Iudith
1087 1750 1187 1829 femi·
1283 1752 1357 1824 baec
1396 1755 1441 1824 (9·
1481 1759 1564 1825 Uxor
1601 1751 1671 1846 ejus
1700 1757 1940 1851 prosternuntur
1972 1789 2051 1842 am

426 1882 494 1930 nae
509 1909 648 1935 ......
683 1854 854 1949 Iudaicae
888 1855 982 1956 plebi
1019 1854 1062 1930 de
1096 1851 1190 1930 hoste
1285 1859 1409 1928 Arcam
1442 1855 1529 1928 beati
1562 1857 1678 1946 Petri,
1714 1859 1759 1928 tu
1792 1863 2049 1944 Archidiacm

426 1957 627 2037 sueviffimo
652 1957 714 2035 refi
740 1986 821 2034 nare
848 1957 1014 2050 voluisti,
1034 1955 1188 2056 respice,
1279 1955 1363 2046 sacis
1388 1957 1583 2030 Lemnium.
1609 1961 1687 2052 Qua
1704 1956 1810 2048 finita
1835 1965 1961 2038 exuitur
1979 1971 2048 2063 sol·

424 2061 657 2160 quaesumus,
678 1985 738 2136 'aui
755 2087 871 2158 preces
891 2058 1108 2137 humilitatis
1127 2084 1188 2134 no·
1284 2057 1437 2130 Pluuiali
1459 2053 1603 2153 dimlffo.
1630 2058 1805 2157 Episcopus
1821 2064 1970 2154 ostieusts
1987 2099 2049 2148 a...

424 2161 535 2254 lirae,
570 2164 606 2236 δι
633 2160 734 2264 super
760 2161 849 2237 hanc
885 2161 1055 2239 famulam
1090 2181 1190 2237 tuam
1280 2179 1342 2256 gas
1366 2158 1527 2232 brachium
1559 2161 1704 2231 dextrum
1728 2173 1769 2234 de
1793 2166 1859 2236 oleo
1888 2175 2048 2267 exorciza.

426 2266 477 2342 N.
503 2289 612 2362 quam
650 2262 801 2365 supplici
837 2263 1030 2340 devotione
1055 2264 1094 2338 in
1123 2269 1189 2340 Re·

1284 2279 1342 2350 to,
1370 2261 1413 2332 ῥ’
1439 2261 1732 2369 interscapulum,
1774 2265 1819 2336 δ’
1843 2270 1949 2343 ulcio:
1975 2280 2051 2352 Do.

424 2363 549 2468 ginam
576 2365 770 2470 eligimus,
799 2367 1086 2442 benediiiionum
1112 2384 1190 2442 tua·
1223 2371 1256 2444 C
1285 2363 1381 2438 mine
1402 2365 1496 2437 Deus
1514 2363 1768 2460 omnipotens,
1789 2370 1889 2470 cujus
1908 2373 1955 2448 est
1973 2403 2051 2455 om.

424 2485 505 2545 tum
532 2468 625 2550 dona
651 2469 877 2569 multiplica,
905 2494 1052 2567 eamque
1070 2467 1190 2544 dexte·

423 2571 464 2648 ri
490 2587 571 2648 tuae
607 2570 789 2674 potentiae
820 2569 953 2672 semper
987 2574 1023 2645 δι
1059 2570 1190 2670 ubique

424 2673 638 2764 circumda,
665 2692 706 2750 ut
743 2673 851 2750 verbo
888 2671 1099 2748 muniminis
1135 2673 1189 2747 tui

424 2775 584 2876 undique
620 2775 775 2870 firmiter
808 2775 998 2874 protesia,
1038 2772 1190 2848 vifibilis

424 2874 704 2953 seu-iovisrbitu
730 2876 836 2952 hostis
863 2875 1040 2978 nequitias
1063 2875 1186 2950 trium·

425 2978 578 3080 phanter
596 3005 797 3080 expugnare
812 2981 999 3066 valeat,&
1020 3004 1088 3052 una
1107 3004 1188 3053 cum

424 3084 527 3155 Sarra
553 3098 662 3180 atque
689 3081 868 3173 Rebecca,
891 3081 960 3156 Lia
979 3083 1015 3153 &
1037 3079 1189 3169 Rachel,

426 3179 540 3255 bearis
568 3181 836 3278 reverendisque
870 3178 1037 3271 seminis,
1073 3180 1189 3274 scusiu

1284 2462 1340 2538 nis
1376 2461 1522 2556 potestas
1547 2466 1583 2538 &
1610 2465 1789 2565 dignitas,
1825 2489 1862 2548 te
1897 2473 2049 2580 supplici

1283 2563 1476 2642 devotione
1501 2585 1608 2666 atque
1625 2567 1832 2647 humillima
1859 2601 1960 2676 prece
1988 2579 2049 2658 de.

1284 2664 1486 2766 poscimus,
1522 2687 1562 2743 ur
1589 2669 1672 2744 huic
1707 2669 1843 2749 famulo
1879 2695 1941 2754 tuo
1966 2707 2048 2782 pro·

1282 2767 1418 2868 sperum
1448 2771 1700 2870 Imperatoriae
1734 2774 1919 2874 dignitatis
1959 2809 2045 2860 coe.

1283 2869 1383 2944 cedas
1407 2871 1599 2965 offertum,
1626 2891 1667 2948 ut
1693 2874 1733 2950 in
1759 2895 1819 2954 tua
1844 2879 2045 2982 dispositio·

1283 2997 1325 3046 nc
1352 2973 1564 3064 conllituto,
1584 2973 1626 3050 ad
1646 2979 1832 3078 regendam
1853 2983 2044 3062 Ecclesrem

1283 3092 1381 3148 tuam
1408 3074 1501 3151 nihil
1525 3077 1559 3150 ei
1579 3075 1764 3177 praefinita
1784 3083 1841 3183 (Ἴ
1860 3085 2044 3180 officiant,

1281 3173 1467 3270 suturaque
1494 3205 1565 3250 non
1584 3178 1770 3286 obfistan13
1795 3181 1853 3260 sed
1869 3187 2047 3296 inspiran-

424 3280 521 3358 aceri
563 3278 615 3355 sui
654 3278 884 3371 foecundari,
925 3279 983 3352 seu
1019 3283 1188 3379 gratulari
1221 3307 1255 3375 Ι)
1281 3296 1317 3350 te
1343 3279 1462 3352 saneti
1490 3278 1640 3372 Spiritus
1676 3282 1731 3355 tui
1768 3285 1892 3380 dono,
1931 3294 2048 3393 Popu-

423 3399 601 3458 mereatur
626 3381 670 3456 ed
692 3380 858 3456 ‘decorem
894 3380 1007 3456 totius
1050 3381 1188 3480 Regni,

425 3483 621 3586 Rerumque
653 3483 790 3560 saniiae
826 3481 896 3559 Dei
931 3479 1105 3557 Ecclesrae
1138 3509 1190 3558 re·

423 3589 603 3688 gendum,
630 3613 792 3665 necnon
821 3585 1102 3687 protegendum,
1129 3611 1191 3685 per

425 3688 606 3763 Christum
634 3689 831 3761 Dominum
858 3685 1035 3777 nostrum,
1062 3685 1188 3784 quiex

426 3787 643 3864 intemerato
683 3789 812 3862 Beatae
848 3787 987 3865 Mariae
1025 3788 1189 3964 Virqinis

425 3905 528 3965 utero
549 3888 667 3981 nasci,
688 3887 827 3964 visrtare
847 3917 888 3964 ac
906 3915 1076 3966 renouare
1122 3917 1189 3967 unc

424 3989 592 4091 dignatus
628 3992 674 4067 est
709 3991 917 4068 Mundum.
957 3992 1032 4092 Qui
1070 4011 1187 4068 tecum

424 4091 524 4186 viyit
548 4095 584 4166 ἃ
611 4111 733 4196 regnat
762 4099 856 4170 Deus
882 4096 921 4172 in
949 4095 1086 4174 unitate
1113 4097 1185 4194 Spi-

1281 3379 1355 3450 lum
1397 3375 1459 3451 fibi
1498 3377 1707 3471 subditum,
1743 3409 1856 3484 aequo
1890 3390 2046 3492 jullitiae

1281 3479 1470 3554 libramine
1496 3506 1614 3580 regere
1640 3483 1778 3575 valeat,
1805 3489 1840 3558 δι
1861 3485 1899 3564 in
1926 3496 2047 3572 omni·

1283 3582 1345 3654 bus
1371 3579 1534 3680 operibus
1561 3579 1631 3656 suis
1659 3605 1693 3658 te
1720 3583 1853 3685 semper
1893 3593 2045 3690 timeat,

1282 3681 1420 3781 tibique
1440 3683 1572 3784 jugiter
1590 3689 1725 3784 placere
1746 3691 1956 3768 contendat.
1978 3700 2047 3774 Per

1282 3785 1479 3859 Dominum
1506 3787 1571 3858 &e
1588 3788 1749 3884 'Sequitur
1772 3794 1908 3868 oracio:
1949 3801 2045 3876 Deus

1284 3887 1352 3960 Dei
1367 3886 1482 3961 Filius
1495 3885 1590 3977 Jesus
1607 3887 1765 3967 Christus
1787 3895 1963 3974 Dominus
1982 3927 2047 3979 no·

1283 3986 1366 4078 ster,
1403 3989 1466 4087 qui
1492 3991 1512 4062 d
1542 3993 1644 4064 Patre
1677 3994 1761 4067 oleo
1795 3995 2045 4080 exsultationis

1286 4089 1411 4165 uniius
1437 4089 1482 4164 est
1510 4117 1590 4182 prae
1617 4094 1848 4196 participibus
1876 4097 1965 4195 suis,
1991 4104 2047 4205 ip·

425 4191 517 4270 ritus
543 4194 692 4287 saneti,
732 4223 794 4296 per
819 4196 1039 4272 immortalia
1075 4195 1187 4271 secula
1219 4215 1246 4286 Ε
1285 4189 1319 4265 se
1345 4217 1406 4291 per
1431 4191 1646 4293 praesentem
1672 4194 1760 4273 sacri
1787 4201 1954 4301 unguinis
1988 4205 2047 4280 in·

425 4293 643 4371 seculorum.
668 4300 808 4372 Amen.
835 4307 914 4396 Qua
938 4300 1087 4372 oratioue
1112 4325 1188 4370 com·

422 4399 535 4500 plera,
562 4424 644 4469 uurrs
661 4400 701 4468 de
722 4401 954 4474 Cordiualibus
971 4401 1188 4494 Presbyteris,

425 4502 479 4578 eui
503 4500 598 4574 Prior
618 4499 834 4598 praeceperit,
862 4503 906 4571 Θ
931 4512 970 4574 de
995 4503 1190 4574 Diacouibcu

419 4604 575 4694 ,similiter
600 4627 707 4694 uuus,
742 4601 793 4672 cui
818 4603 1073 4675 usrcbidiucouus
1094 4601 1189 4696 juffe.

424 4706 493 4798 o’r,
530 4703 692 4802 Reginam
716 4705 872 4777 deducant
897 4707 991 4802 usque
1014 4708 1061 4777 ad
1083 4706 1186 4777 Alta·

427 4827 461 4878 te
485 4805 599 4880 Sausii
624 4804 770 4903 Gregorii
776 4832 797 4894 ,·
821 4805 925 4903 ibique
943 4804 1112 4903 exspesiec,
1131 4809 1185 4877 do·

318 4946 321 4952 ·
426 4931 482 4982 nee
504 4909 664 4982 Dominus
689 4915 783 5006 Papa
818 4935 887 4980 cum
915 4908 979 5000 sua
1009 4909 1187 5004 proceffioue

427 5029 540 5086 mat.
580 5012 751 5114 Compluris
777 5010 878 5110 igitur
901 5010 1045 5084 omuibus
1071 5009 1181 5107 supra·

1287 4291 1480 4386 sufionem,
1506 4294 1658 4394 Spiritus
1686 4301 1853 4374 Paracliti
1874 4301 2046 4403 superea.

1287 4415 1350 4494 put
1372 4415 1472 4470 tuum
1487 4395 1612 4471 fundat
1629 4397 1934 4500 benediiiionem,
1952 4435 2046 4484 eane.

1286 4496 1436 4596 demque
1462 4497 1569 4618 usque
1595 4498 1637 4572 ad
1664 4499 1834 4578 interiora
1854 4507 1970 4585 cordis
1989 4511 2044 4588 tui

1286 4599 1622 4778 ltl‘s'lltltlr
1640 4608 2047 4814 pstillistas&

1285 4801 1431 4905 cipere,
1457 4807 1506 4896 ,δι
1548 4806 1735 4906 temporali
1780 4813 1902 4911 Regno
1942 4815 2043 4915 juliis

1285 4906 1584 4984 moderaminibus
1609 4906 1823 5009 exsequ'uto,
1859 4918 2048 4994 aeternali.

1285 5025 1339 5082 ter
1374 5031 1455 5082 cum
1489 5035 1532 5086 eo
1567 5036 1711 5112 regnare
1745 5016 1932 5091 merearis.
1967 5019 2047 5118 Qut

1811 5205 1813 5212 ,
1900 5118 1995 5200 soles

520 5233 570 5320 l')
594 5237 633 5306 ln
655 5235 777 5312 Ordine
797 5241 846 5314 11.
870 5239 958 5330 supra
978 5239 1134 5328 descripto
1154 5213 1295 5310 mucor.
1312 5235 1498 5324 praesentio.
