4602 6136
273 443 357 550 ·-„
580 373 1536 523 nrsrrararrorrruuna.
1751 465 1810 550 aa

243 577 341 630 mm.
361 548 482 626 Primo
502 548 616 656 igitur
633 556 735 640 loco,
755 569 795 624 ut
816 547 907 622 mibi
928 548 1001 646 qui·
1037 551 1069 620 A
1097 549 1222 638 stando
1248 553 1352 638 misit.
1379 553 1527 630 Paribus
1553 557 1614 630 aut
1640 547 1721 649 ipsis
1753 551 1872 630 verbio

1105 650 1146 725 in
1179 653 1376 728 Annalibus
1400 653 1619 754 Eginlrardi,
1644 651 1713 738 save
1740 658 1873 734 Laure-

1103 749 1338 840 *samcnsrbum
1366 753 1404 828 in
1442 754 1685 848 Bertinianis,
1722 756 1872 858 aliisque

1109 851 1348 930 vetustissimis
1388 859 1602 931 Francorum
1644 859 1872 950 Annalibus,

1104 955 1225 1030 eadem
1245 955 1401 1030 occurrit
1426 957 1600 1032 narratio.
1624 961 1707 1034 Non
1734 986 1791 1035 me
1816 960 1871 1035 su·

1104 1058 1182 1232 pit,
1208 1055 1364 1132 inficiari
1391 1055 1596 1132 Dandulum
1624 1057 1662 1132 in
1681 1057 1871 1136 *Chronico

242 651 324 732 dem
362 653 532 746 videtur,
565 655 601 730 in
642 647 915 728 controversiam
950 650 1001 726 de·

243 754 325 834 tuci
361 757 493 856 nequit.
513 755 630 845 illud,
657 754 750 852 quod
778 755 799 826 b
826 751 1006 853 pluribus,

241 854 358 977 iisque
387 855 653 958 aequalibus&
681 854 864 930 nobilibus
893 853 1004 928 Histo-

242 960 328 1036 ricta
355 957 524 1060 scriptum
555 955 620 1031 est·
653 983 801 1057 nempe,
827 955 1003 1040 fortitudi·

242 1061 283 1138 ni
309 1087 350 1136 ac
380 1057 567 1138 industriae
595 1064 808 1134 Francorum
840 1055 1005 1154 contigis-

242 1159 300 1254 se,
335 1182 374 1235 ut
412 1159 485 1258 post
511 1161 656 1237 Annum
693 1159 824 1236 Christi
862 1164 1008 1238 DCCC.

242 1262 283 1344 in
311 1261 482 1338 Histriam
510 1262 544 1334 dt
573 1261 814 1353 Dalmatiam,
839 1261 875 1335 &
906 1261 945 1338 in
972 1289 1004 1338 a·

243 1365 365 1464 liquot
410 1359 532 1437 saltem
574 1361 733 1456 Insulas,
774 1362 1005 1440 Veneriorum

1120 1186 1167 1234 uo
1203 1158 1294 1243 hanc
1329 1157 1477 1259 Pippini
1515 1157 1727 1251 villariam,
1759 1163 1793 1234 δι
1830 1161 1871 1238 iu

1104 1263 1179 1360 eius
1221 1259 1432 1336 sententiam
1473 1258 1672 1338 concellisse
1713 1260 1870 1361 reliquor

1103 1367 1323 1439 Venetorum
1350 1363 1565 1466 Scriptores.
1601 1367 1735 1439 Verum
1763 1388 1870 1440 nemo

243 1463 339 1542 Urbi
371 1460 564 1554 finitimas,
590 1465 874 1544 dominationem
910 1465 1006 1545 suam
1043 1474 1073 1548 B
1104 1465 1307 1564 intelligat,
1334 1464 1418 1564 quei
1444 1463 1685 1566 componenda
1717 1462 1760 1538 sir
1786 1491 1869 1540 cum

244 1563 346 1642 selici
381 1591 556 1653 armorum
594 1565 655 1642 usu
687 1567 938 1645 extenderint.
965 1573 1006 1646 ln

245 1665 404 1764 antiquis
440 1671 654 1742 Francorum
685 1669 884 1746 Annalibus
917 1672 1007 1768 apud

244 1771 304 1844 Du
321 1764 514 1842 Chesnium
539 1771 648 1844 Tom.
674 1795 704 1844 2.
734 1798 810 1869 pag.
836 1796 898 1871 43.
922 1773 1008 1849 baec

240 1870 411 1966 leguntur
434 1868 479 1944 ad
508 1874 653 1946 Annum
683 1876 882 1950 Dcccvt.
910 1884 1003 1948 Vene-

241 1988 320 2043 ruut
347 1973 462 2042 Villera
494 1973 534 2044 (θ’
559 1980 683 2046 Beatus
709 1980 811 2048 Duces
837 1981 1006 2072 Venetiae,

242 2099 298 2144 uec
324 2095 386 2142 uou
413 2074 458 2144 (θ’
480 2076 605 2146 Paulus
627 2081 706 2146 Dux
720 2079 888 2167 jaderae,
914 2105 1009 2177 arque

241 2177 395 2247 Deuatm
434 2172 572 2266 ejusdem
612 2178 774 2250 Civitatis
807 2179 1007 2276 Episcopus,

1103 1566 1172 1643 side
1197 1586 1253 1642 tot
1277 1583 1436 1642 veterum
1462 1569 1498 1641 δι
1522 1568 1724 1667 aequalium
1748 1564 1870 1642 Histo-

1103 1668 1281 1760 ricorum,
1308 1667 1500 1744 austeritas
1529 1693 1677 1764 eorum,
1703 1667 1766 1840 qui
1794 1668 1871 1769 pou

1092 1791 1161 1847 ¹tot
1179 1772 1323 1848 Saecula
1344 1769 1551 1848 narrandam
1570 1796 1645 1850 rem
1665 1768 1704 1871 ip
1717 1765 1869 1848 rffimana

1104 1871 1344 1992 susceperunt.
1371 1870 1465 1946 Fieri
1490 1871 1635 1970 quidem
1660 1870 1802 1970 potuit,
1826 1887 1873 1946 ut

1104 1974 1270 2050 vibirrcia
1297 1972 1443 2073 Pippini
1467 1999 1564 2048 arma
1590 1972 1630 2048 in
1656 1970 1797 2073 aliquot
1821 1997 1869 2050 ex

1104 2076 1150 2151 iis
1166 2075 1294 2150 Insulis
1308 2081 1445 2150 aditum
1460 2072 1524 2150 sibi
1539 2073 1761 2175 aperuerint,
1776 2101 1872 2173 quae

1105 2177 1326 2275 provinciam
1346 2174 1565 2252 maritimam
1585 2174 1868 2270 constituebant,

1104 2299 1189 2356 tunc
1199 2279 1384 2370 Venetiam,
1399 2275 1457 2354 seu
1468 2279 1618 2352 Venetiae
1629 2277 1867 2373 appellatam,

243 2377 445 2470 imperatoria
470 2405 538 2449 aum
562 2381 690 2477 maguis
712 2382 824 2455 deuia.
853 2389 902 2455 Er
921 2383 1009 2472 satia
1041 2415 1075 2489 (ς
1103 2407 1175 2455 ιιοιι
1210 2407 1296 2456 vero
1322 2379 1361 2456 in
1387 2379 1589 2457 Civitatem
1624 2379 1749 2471 illam,
1776 2404 1868 2479 quae

242 2477 286 2564 ast
312 2475 360 2548 ibi
388 2478 547 2551 ordinario
581 2483 624 2554 ab
654 2486 838 2578 imperatore
870 2493 911 2557 ate
939 2491 1006 2559 Du·
1102 2481 1330 2570 celeberrima
1346 2485 1366 2556 l
1381 2481 1506 2558 multis
1524 2479 1679 2558 Saeculis
1695 2482 1866 2574 Veneriae,

243 2576 330 2660 tibus
348 2579 539 2677 &Populis
557 2603 624 2654 ram
645 2585 794 2656 Venetiae
810 2589 906 2682 quim
925 2593 1008 2662 Dal·
1103 2584 1160 2660 seu
1189 2585 1390 2658 Veneriorum
1424 2611 1493 2664 una
1522 2609 1652 2660 nomen
1687 2580 1865 2676 retinuit,

242 2678 380 2752 mariae.
407 2680 540 2756 Eodem
568 2702 686 2758 autem
718 2688 823 2760 Anno
844 2690 1009 2784 Claffira
1103 2713 1261 2787 quaeque
1287 2684 1334 2761 iis
1360 2685 1579 2786 temporibus
1609 2681 1759 2760 sortaffis
1785 2682 1867 2758 uni·

242 2779 385 2870 Nieiforo
407 2787 616 2879 Imperatore,
640 2787 693 2860 cui
715 2789 829 2861 Nireta
847 2791 1011 2866 Patricius
1103 2816 1143 2863 ca
1171 2788 1332 2864 Rivoalti
1361 2787 1477 2863 lnsula
1503 2785 1598 2864 suit.
1634 2790 1688 2862 At
1715 2785 1866 2862 minime

241 2898 388 2974 Pmml
399 2936 411 2968 a
446 2887 491 2956 ad
529 2890 768 2980 recuperandam
809 2893 1010 2966 Dalmatiam
1103 2889 1172 2964 hoc
1205 2888 1342 2978 obstat,
1368 2890 1457 2987 quin
1490 2887 1618 2964 Franci
1652 2888 1691 2962 in
1727 2885 1867 2962 mariti·

244 2977 408 3053 mittitur.
434 2985 529 3080 Ergo
551 2984 630 3060 loca
658 2986 812 3084 superius
838 3016 1007 3068 memora·
1104 3017 1177 3064 mas
1196 2989 1278 3063 illas
1297 2988 1432 3064 insulas
1451 2987 1605 3063 viliores
1627 2987 1866 3086 penetrarint.

243 3094 284 3154 ta
310 3077 350 3152 in
387 3081 590 3182 potestatem
617 3089 742 3165 Caroli
776 3089 1008 3169 devenerant.
1102 3095 1239 3168 Contra
1274 3115 1360 3164 vero
1396 3107 1530 3166 certum
1565 3087 1639 3181 est,
1674 3113 1745 3162 non
1780 3086 1865 3162 ideo
1947 3089 1949 3096 '

243 3182 359 3256 Anno
395 3183 557 3280 proxime
592 3183 750 3286 sequenti
787 3195 1008 3270 ncccvu.
1105 3189 1334 3268 Veneriorum
1354 3191 1487 3267 Urbem
1510 3189 1639 3266 Italico
1659 3193 1782 3290 Regno
1804 3189 1866 3264 ad·

242 3281 383 3374 Niceta,
411 3285 469 3380 qui
501 3312 570 3359 eum
603 3286 695 3382 claffi·
720 3295 1006 3393 Constantinopoli·
1038 3335 1073 3406 D
1102 3295 1239 3393 ditam;
1256 3291 1543 3394 namrtearipsis
1560 3297 1774 3368 Francorum
1786 3296 1865 3364 An·

240 3402 323 3456 rana
337 3383 470 3475 sedebat
495 3387 531 3458 iu
555 3391 710 3482 Venetia,
731 3414 809 3490 pace
828 3395 918 3484 fassa
939 3426 1008 3472 cum
1102 3397 1241 3472 nulibus
1259 3396 1397 3495 liquet,
1412 3394 1536 3472 eodem
1553 3397 1663 3470 Anno
1683 3392 1864 3470 DCCCX.

242 3484 384 3580 Pippiao
404 3494 514 3584 Rege,
530 3491 574 3561 (p
594 3490 732 3564 induciis
749 3494 844 3592 usqae
860 3505 905 3570 ad
921 3526 1003 3572 meu·
1102 3501 1260 3574 Carolus.
1287 3501 1441 3598 Magnus
1474 3495 1569 3571 initi
1602 3521 1683 3570 curn
1718 3491 1864 3570 Graecis

235 3583 304 3678 lm
321 3588 506 3684 Augustum
527 3593 725 3686 mollientia,
745 3596 1003 3696 Constantinopo-
1103 3625 1207 3698 pace,
1235 3597 1377 3688 Nicrsoro
1410 3597 1573 3670 Venetiam
1604 3594 1768 3668 reddidit.
1802 3591 1864 3670 Ad

241 3683 302 3756 lim
320 3685 470 3782 regreffru
486 3691 548 3778 cll.
567 3696 663 3768 Turn
681 3697 789 3770 Anno
808 3702 1004 3774 occctu
1103 3699 1189 3776 haec
1208 3698 1430 3800 Eginbardus
1448 3698 1609 3797 Scriptor
1630 3694 1785 3797 aequalis
1803 3719 1864 3770 eo·

240 3786 361 3878 ctaffis
392 3791 434 3860 ‘s‘
461 3795 734 3890 cwstmt‘ropoli
767 3795 880 3891 miffa,
904 3802 1008 3898 primo
1103 3827 1180 3876 rum
1215 3819 1439 3902 temporum,
1465 3797 1600 3899 ipsique
1625 3795 1783 3898 Augusto
1813 3792 1864 3872 la-

239 3887 468 3980 Dalmatiam,
503 3893 617 3968 driade
652 3900 816 3972 Venetiam
849 3903 1007 3999 apparit:
1105 3901 1279 3996 miliaria,
1313 3904 1352 3976 in
1387 3899 1538 4004 ejusdem
1574 3901 1700 3975 Caroli
1736 3897 1866 4000 Magni

240 4011 423 4086 quumque
446 3989 566 4068 frustra
591 4015 739 4074 conatus
760 3998 879 4077 suisset
904 4005 1007 4080 Paul·
1105 4007 1192 4078 Vita
1227 4003 1348 4093 addit,
1374 4003 1413 4076 in
1445 4001 1546 4076 illius
1581 4000 1747 4098 poteslate
1782 4000 1867 4076 reli·

239 4089 297 4162 lus
325 4091 480 4165 Graecae
509 4092 621 4170 ctaffu
658 4096 855 4178 Praefertur
891 4111 1004 4190 Coma
1104 4105 1197 4178 siam
1225 4103 1325 4178 luisse
1353 4103 1510 4190 Histriam
1536 4128 1654 4200 quoque
1679 4103 1724 4172 Θ·
1749 4103 1866 4175 Libur-

240 4191 326 4263 alum
352 4191 497 4268 francis
523 4193 682 4292 eripete,
709 4199 752 4276 tle
779 4206 868 4280 Pace
895 4205 1006 4306 postea
1063 4209 1071 4219 ⁸
1105 4206 1214 4294 uiam,
1239 4223 1335 4302 atque
1358 4203 1583 4291 Dalmatiara,
1609 4206 1744 4298 exeeptis
1768 4203 1866 4276 mari·

241 4307 325 4406 tum
362 4294 517 4392 Pippino
542 4295 641 4395 egit,
668 4296 723 4374 sed
759 4300 865 4378 irrito
900 4333 1004 4401 nego·
1014 4363 1038 4422 4
1103 4307 1192 4379 timis
1215 4305 1439 4396 Civitatibus,
1463 4331 1542 4401 quar
1562 4306 1600 4377 ob
1621 4304 1796 4378 amicitiam
1821 4305 1866 4376 Θ

238 4408 321 4505 tro,
345 4393 476 4492 quippe
502 4399 595 4470 clam
620 4398 695 4499 ejus
717 4401 861 4480 confilia
887 4409 907 4480 l
932 4412 1006 4483 Du·
1101 4405 1247 4501 juellum
1271 4434 1340 4479 eum
1364 4433 1399 4478 eo
1419 4406 1551 4496 foedus,
1577 4405 1865 4502 Constantinopoli.

241 4490 344 4564 cubus
370 4498 602 4574 venetiarum
638 4504 905 4580 evertebantur.
936 4512 1003 4582 Ita·
1103 4533 1214 4583 eanum
1240 4513 1457 4606 imperatorem
1481 4511 1594 4582 habere
1614 4505 1776 4606 permisit.
1803 4503 1864 4576 Ab

239 4617 309 4691 ‘lue
337 4597 447 4670 ‘³⁰⁰⁰
473 4595 637 4692 sequente
676 4605 855 4681 DCCCX.
885 4608 997 4706 Pippi·
1104 4609 1199 4686 hisce
1223 4629 1341 4684 tamen
1368 4612 1524 4684 Urbibus
1550 4608 1742 4686 maritimis
1766 4603 1864 4680 exci-

238 4719 310 4810 nus·
344 4699 419 4772 Rex
452 4698 590 4793 perfidia
626 4708 753 4777 Ducum
795 4708 1007 4782 Vmeticorum
1105 4710 1229 4802 pienda
1247 4712 1388 4786 videtur
1403 4717 1551 4801 Gradus,
1568 4736 1673 4808 quarn
1691 4705 1864 4805 Eginlaar·

239 4796 416 4888 auritatae,
446 4802 610 4874 Venetiam
635 4805 716 4876 hello
741 4827 883 4904 terraque
908 4810 1002 4882 mari·
1103 4811 1150 4886 do
1166 4811 1291 4889 eodem
1315 4811 1398 4886 telle
1423 4813 1517 4887 inter
1539 4808 1790 4904 Metropolitieas
1808 4805 1863 4882 sui

237 4921 296 4993 θ’
322 4896 412 4992 llll*
434 4923 608 4998 appetere‚·
623 4903 829 5004 [obieritque
848 4912 1004 5005 l'eueeit‚
1105 4913 1217 5014 Regni
1244 4940 1285 4988 ac
1315 4914 1458 5013 imperii
1484 4912 1685 4997 Civitates,
1711 4909 1863 4986 Carolus

237 5021 275 5070 ¹⁶
300 5000 444 5072 ”wilm
469 5001 539 5082 ‘ltl
565 5004 599 5076 ln
626 5007 817 5092 deditionem
848 5014 1022 5110 acceptis,=
1102 5013 1238 5113 ipsein
1275 5015 1456 5113 postremis
1480 5013 1549 5088 suis
1583 5008 1715 5084 tabulis
1743 5035 1863 5086 recen·

239 5099 381 5174 udam
404 5099 525 5201 claffim
546 5108 593 5182 ad
613 5107 803 5185 Dalmatiae
824 5112 923 5189 titora
943 5094 1025 5195 ara-l
1101 5113 1172 5200 set.
1189 5119 1303 5194 Palam
1326 5117 1467 5216 quoque
1488 5110 1643 5190 Histriae
1659 5111 1862 5288 Cigitatem

592 5272 594 5276 .
1734 5237 1811 5288 aro·

242 2274 363 2368 Legati
405 2277 672 2368 Dalmatiarum,
712 2290 757 2354 ad
797 2282 1009 2377 praesentiam
