4626 6152
471 475 558 560 403
720 439 1164 562 ANTIQUIT.
1224 441 1724 534 muniuntur
1880 458 1970 562 404'

463 565 603 662 Signum
628 587 742 634 manus
774 560 983 659 suprascripti
1016 560 1152 634 Alieni
1165 615 1177 654 ,
1203 565 1239 638 A
1268 559 1395 638 habeat
1421 562 1459 638 in
1485 563 1647 640 omnium
1683 567 1924 640 monumentis
1959 565 2030 642 mid

516 666 575 762 qui
598 665 652 736 boc
675 660 830 760 paiium,
869 681 906 733 ur
925 659 1072 758 superius
1097 661 1178 760 legi.

513 785 600 854 tur,
633 763 715 857 fieri
755 763 915 860 rogavit,
955 764 1000 833 Ο·
1032 763 1063 835 ei
1101 765 1177 835 r'eie.

516 865 602 938 iium
628 865 692 953 eli.

465 966 572 1140 Siglnu
596 967 914 1143 eguufflmqugqpi
931 971 977 1142 pe
990 973 1179 1142 quuurrrm

515 1095 629 1244 ,i‘u
653 1070 842 1263 ,eiiij
854 1098 936 1256 uin
957 1095 1109 1268 m
1123 1097 1177 1241 ii

513 1271 629 1370 gitur,
656 1273 758 1370 rugari
776 1273 855 1365 surr
880 1273 988 1361 restes.

1267 664 1366 740 nime
1391 665 1591 766 negleblos.
1625 671 1701 757 Jarn
1727 669 1765 742 in
1802 666 1945 742 Dillert.
1980 671 2030 742 11.

1265 775 1305 840 dr
1323 775 1430 864 Regu.
1449 770 1526 843 leel.
1548 770 1692 858 monui,
1711 773 1930 844 Venetorum
1950 771 2027 845 Du·

1267 893 1322 944 ces
1349 867 1486 945 Italicis
1510 871 1666 972 Regibus
1688 895 1865 968 nunquam
1896 869 2029 971 paruis·

1267 967 1324 1045 se·
1352 969 1460 1070 idque
1484 972 1701 1048 luculentius
1735 968 1936 1047 confirmari
1964 999 2029 1073 po·

1266 1033 1328 1147 teli
1363 1099 1407 1148 ex
1444 1073 1653 1170 Diplomate
1692 1070 1849 1148 concello
1884 1073 2029 1151 circiter

1266 1178 1414 1249 Annum
1456 1179 1673 1252 DCCCllL.
1715 1175 1735 1248 i
1777 1171 1951 1250 Lotbario
1996 1179 2026 1252 1.

1268 1275 1427 1378 Augusto
1438 1281 1543 1354 Petro
1555 1276 1785 1354 venetiarum
1802 1275 1918 1366 Duci,
1933 1277 2028 1376 quod

464 1379 539 1472 Ego
564 1377 751 1447 Beruardrrs
776 1401 874 1447 mauu
898 1401 967 1446 meu
986 1373 1177 1470 subseripfi.
1270 1377 1373 1453 habes
1413 1379 1451 1454 in
1486 1381 1658 1455 Annalib.
1700 1383 1827 1454 Venet.
1864 1377 2028 1456 Andreae

408 1473 421 1582 ζ
464 1477 674 1552 Rotecbildus
718 1475 873 1548 Notarius
915 1479 1006 1547 Sacri
1050 1476 1180 1549 Palatii
1208 1473 1234 1540 Β
1270 1479 1425 1555 Danduli
1451 1485 1572 1557 Torno
1600 1485 1681 1556 llll.
1708 1485 1789 1556 Rer.
1817 1479 1974 1555 Italicae.
1997 1484 2032 1555 I·

509 1577 660 1750 mppr,
682 1575 751 1675 poll
776 1579 931 1652 rrudrrum
949 1578 1117 1674 complevit
1136 1577 1179 1648 (7

467 1781 570 1876 Quae
597 1779 677 1855 heic
712 1783 912 1898 appellatur
946 1782 1078 1855 Civitas
1113 1787 1174 1854 No

413 1908 497 1980 rra,
515 1879 636 1957 eadem
663 1881 730 1976 eli,
766 1910 866 1984 cujus
891 1885 1047 1960 occurrit
1084 1909 1175 1957 rnen·

411 1983 469 2058 tio
495 1982 533 2059 in
561 1981 791 2059 Testamento
809 1987 934 2062 Caroli
954 1983 1082 2085 Magni
1103 1988 1176 2058 An·

412 2110 464 2158 no
492 2087 694 2160 DCCCVI.
722 2084 812 2185 apud
850 2086 1038 2162 Baluzium
1070 2090 1178 2161 Tom.

415 2187 446 2258 1.
475 2210 553 2286 pag.
579 2211 667 2282 442.
686 2185 885 2286 Capitular.
906 2193 991 2288 Reg.
1014 2193 1177 2262 Francos.

410 2285 626 2362 Mutinensis
643 2289 739 2361 eninr
757 2288 885 2388 Populi
902 2315 978 2382 pars
997 2315 1069 2388 quo
1089 2308 1171 2362 tem·

1268 1580 1321 1672 bi¹
1345 1601 1560 1658 memoratur
1598 1587 1670 1658 Pax
1710 1581 1803 1658 inita
1838 1581 1859 1654 i
1893 1584 2029 1658 Carolo

1268 1685 1510 1784 Magnorum
1538 1682 1813 1786 Imperatoribus
1842 1681 2027 1778 Orientis,

1267 1789 1524 1880 quemadmodum
1548 1788 1737 1885 temporibus
1753 1785 1833 1859 Avi
1849 1783 1947 1872 milri
1964 1793 2029 1860 Cu·
2182 1829 2183 1834 κ

1269 1887 1329 1958 roli
1350 1907 1407 1984 per
1431 1891 1584 1960 decretum
1609 1915 1677 1962 eum
1711 1885 1839 1959 Graecis
1868 1889 2029 1978 sancitum

1264 1983 1477 2082 poffederuur.
1513 1989 1577 2065 Sed
1604 1989 1691 2090 quid
1718 1986 1756 2063 in
1783 2013 1823 2062 ea
1851 1989 1942 2062 Pace
1967 1989 2026 2064 de.

1266 2109 1400 2164 cretum
1427 2087 1495 2165 eli?
1534 2095 1610 2166 Nos
1636 2089 1717 2166 heic
1742 2087 1905 2180 edocebit
1930 2087 2025 2165 idern

1271 2191 1451 2268 Dandulus
1478 2193 1561 2268 Lib.
1589 2197 1623 2269 8.
1650 2219 1725 2292 cap.
1756 2189 1954 2292 1.deipsa
1982 2191 2028 2265 il.

1269 2295 1301 2364 la
1331 2296 1420 2367 Pace
1447 2292 1619 2368 scribens:
1658 2301 1720 2366 Per
1744 2293 1797 2364 boc
1821 2293 1935 2389 quippe
1960 2298 2028 2365 De.

411 2411 499 2490 pote
524 2413 646 2462 eorum
673 2387 816 2463 Civitas
843 2390 862 2462 i
889 2389 1035 2465 Graecis
1061 2393 1170 2464 Bono·
1208 2395 1221 2454 (
1233 2443 1237 2456 .
1265 2415 1378 2466 cretum
1403 2395 1539 2468 Carolus
1555 2398 1753 2492 approbans,
1773 2397 1855 2492 quod
1878 2421 1947 2466 eum
1964 2397 2029 2466 Ni·

413 2488 497 2564 uiae
518 2506 623 2588 atque
640 2487 678 2563 in
694 2489 897 2566 Exarcbatu
912 2489 1179 2567 dominantibus

412 2587 611 2666 identidem
638 2592 855 2684 vexabatur,
883 2590 1053 2692 simulque
1071 2594 1092 2667 i
1112 2593 1176 2668 cir·

413 2689 690 2767 cumlluentibus
721 2691 842 2769 lluviis
878 2692 1061 2795 exlegibus
1088 2693 1175 2771 aflli-

417 2789 496 2885 tta,
513 2793 698 2894 paludibus
714 2793 987 2894 circumquaque
1004 2793 1179 2871 obsideba-

414 2909 496 2980 tur,
523 2897 613 2970 lares
637 2895 840 2974 transtulere
860 2897 902 2972 ad
921 2901 1040 2974 locum
1061 2898 1181 2998 paucis

413 2993 578 3072 millibus
599 2996 754 3096 polluunt
774 2996 817 3073 ab
838 3001 934 3075 Urbe
952 2999 1065 3074 nolira
1084 2997 1175 3076 diffi-

412 3110 492 3172 tum
514 3096 557 3172 ad
576 3097 809 3176 Occidentem
838 3100 875 3173 in
900 3101 972 3176 Via
996 3101 1178 3190 Aemilia,

414 3221 522 3297 quam
541 3200 714 3272 Claudiam
727 3203 964 3301 appellamus:
979 3201 1102 3302 ibique
1115 3202 1177 3279 Ci-

1264 2495 1386 2590 crpboro
1411 2495 1517 2568 ailam
1537 2495 1671 2588 fuerat,
1706 2501 1836 2568 Novam
1864 2495 2027 2568 Venerium

1262 2599 1284 2666 d
1304 2596 1340 2689 se
1363 2597 1552 2688 abdicavit,
1574 2598 1762 2695 permittens
1788 2603 1916 2668 Veneror
1939 2623 2026 2669 amo·

1264 2699 1303 2768 dr
1323 2719 1381 2796 per
1404 2718 1505 2770 rerum
1533 2700 1728 2772 occidentale
1764 2699 1931 2794 imperium
1965 2719 2028 2770 ter·

1266 2825 1318 2870 rur
1336 2799 1415 2892 suas
1437 2800 1611 2896 poffidere,
1648 2802 1692 2871 θ
1717 2802 1788 2882 illis
1814 2799 2026 2873 immunitati·

1266 2904 1323 2972 bas
1343 2903 1503 2997 gaudere,
1528 2902 1643 2999 quibus
1661 2902 1724 2995 sub
1749 2907 1932 2976 Graecorum
1953 2901 2028 2973 uni.

1264 3002 1384 3095 versarii
1410 3004 1545 3101 imperia
1565 3006 1705 3102 gaudere
1723 3004 1818 3097 soliti
1843 3024 1955 3078 eruut.
1973 3001 2028 3077 Si·

1271 3104 1387 3196 mile,
1415 3102 1530 3180 imrno
1556 3105 1710 3208 amplius
1746 3105 1979 3206 Privilegium
2006 3105 2028 3178 b

1269 3208 1401 3282 Carolo
1427 3207 1548 3282 Cralio
1574 3205 1733 3306 Augullo
1757 3206 1881 3281 retulit
1899 3204 2029 3296 Johan·

413 3298 531 3372 vitate
554 3299 750 3374 construili
766 3327 896 3376 nomen
916 3304 997 3378 loco
1020 3303 1178 3379 indidere
1209 3315 1239 3385 D
1266 3334 1327 3382 nes
1354 3308 1598 3382 venetiarum.
1617 3312 1700 3383 Dux
1727 3308 1838 3379 Anno
1874 3310 2029 3382 DCCC·

413 3399 575 3472 Civr'ruris
608 3405 754 3493 Novar,
796 3402 890 3502 quod
926 3403 1040 3480 adhuc
1075 3405 1177 3480 durat

413 3495 474 3574 sub
502 3501 679 3577 vocabulo
712 3503 938 3580 Cineuuuvu.
974 3505 1095 3582 Hodie
1122 3507 1171 3582 ni·

410 3601 466 3676 hil
494 3601 591 3676 aliud
618 3605 637 3676 ὲ
665 3621 722 3679 tot
743 3604 921 3681 aedificiis
937 3605 1103 3706 superell,
1123 3609 1175 3684 ni·

414 3700 440 3774 st
464 3705 658 3802 Templum
679 3705 887 3781 Parocbiale
905 3705 966 3781 sub
987 3707 1175 3806 Archipre·

413 3801 549 3896 sbyteri
586 3829 690 3877 cura.
728 3808 782 3878 De
808 3804 869 3880 itu
895 3807 1060 3883 Ciuitate
1085 3813 1172 3886 mul·

412 3921 470 3976 tus
489 3901 559 3978 etit
586 3903 678 3980 mibi
707 3903 820 3981 lerino
845 3909 883 3982 in
912 3909 1054 3985 Diiiert.
1080 3916 1174 3986 XXI.

412 4007 454 4078 de
478 4005 609 4103 antiquo
635 4008 750 4082 ltaliae
767 4009 883 4097 fletu.
921 4010 1080 4088 Ducibus
1117 4013 1175 4088 ha·

412 4105 535 4180 &lenus
561 4111 850 4186 commemoratis
876 4109 1029 4212 denique
1048 4112 1169 4190 adden·

1265 3411 1469 3484 Llllllllll.
1496 3405 1593 3506 quod
1628 3405 1730 3480 nobis
1757 3403 1851 3480 idern
1879 3405 2026 3480 Dandu-

1264 3512 1318 3584 lus
1345 3505 1516 3584 servavit.
1554 3509 1611 3580 Ac
1637 3503 1839 3607 praesertim
1867 3504 2024 3598 mirere,

1263 3608 1356 3708 quod
1383 3608 1435 3683 ibi
1462 3606 1630 3707 scripturn
1657 3607 1728 3699 est,
1753 3605 1901 3682 scilicet·
1916 3624 1957 3684 ut
1983 3607 2024 3682 in

1264 3736 1483 3810 quacumque
1510 3725 1607 3810 parte
1635 3707 1749 3810 Regni
1776 3706 1895 3784 Italici
1924 3708 2026 3784 inve-

1267 3813 1426 3888 nirentur
1466 3809 1630 3903 Veneti,
1665 3807 1696 3886 ii
1731 3807 1844 3885 adhuc
1879 3809 2029 3886 Ditioni

1269 3913 1378 3988 Ducis
1405 3911 1551 4014 subjeili
1577 3911 1713 4004 client,
1748 3929 1853 4010 atque
1880 3912 1924 3986 ab
1950 3911 2029 4013 ipso

1268 4014 1456 4114 puniendi:
1487 4039 1578 4114 quae
1602 4011 1837 4114 intelligenda
1870 4039 1951 4088 reor
1983 4012 2029 4088 de

1265 4116 1454 4192 rebellibus
1481 4143 1521 4190 ac
1548 4114 1714 4216 fugitivis
1741 4111 1912 4204 Venetis,
1946 4113 2028 4211 qui·

412 4207 449 4296 di
477 4206 556 4283 sunt
584 4213 783 4285 Veneriorum
810 4219 941 4306 Duces,
977 4213 1172 4316 antiquiffi·
1207 4221 1237 4290 E
1266 4220 1328 4293 bus
1355 4245 1399 4295 ne
1425 4219 1462 4292 in
1490 4217 1593 4294 terris
1620 4216 1764 4316 quidem
1800 4213 1920 4290 ltalici
1958 4217 2028 4288 Re·

286 4385 289 4390 ,
410 4308 464 4385 mi
490 4311 524 4384 dr
552 4309 638 4404 ipli,
664 4339 816 4411 quorum
836 4313 926 4392 illud
947 4317 1174 4418 praecipuum

411 4408 517 4486 decus
541 4411 588 4486 eli
614 4411 657 4486 ad
684 4413 817 4489 nostros
843 4415 949 4515 usque
975 4417 1050 4494 dies
1076 4418 1173 4495 suam

410 4511 628 4590 continuall'e
655 4511 778 4590 seriem
805 4516 929 4593 ordine
955 4545 1027 4594 non
1062 4521 1171 4596 inter·

409 4633 541 4715 rupto.
579 4621 674 4692 Nam
702 4617 866 4712 quamvis
901 4646 945 4694 ne
976 4619 1066 4696 olim
1093 4623 1171 4721 qui·

410 4716 547 4792 domii
575 4718 790 4820 pertinerent
827 4719 870 4794 ad
903 4726 1065 4823 Regnum
1103 4728 1171 4800 lta·

410 4817 503 4910 liae,
531 4818 569 4894 in
597 4820 702 4896 Italia
729 4839 848 4896 tamen
874 4841 997 4925 erant;
1018 4852 1059 4899 ac
1078 4853 1172 4927 prae·

408 4937 505 4996 terea
531 4922 638 5026 digna
664 4921 703 4998 in
730 4921 856 5024 primis
882 4923 929 5000 cll
954 4925 1091 5018 inclyta
1126 4926 1168 5002 il·

409 5023 467 5115 la,
493 5025 529 5097 ’ἀ
556 5028 575 5099 l
603 5042 660 5100 tot
685 5026 840 5103 Saeculis
866 5026 1019 5128 gloriola
1043 5029 1172 5128 Respu-

398 5127 539 5221 blica,
579 5153 668 5227 quae
705 5145 839 5208 veteres
873 5128 953 5206 suos
990 5130 1172 5236 Principes

1264 4318 1325 4420 gni
1352 4317 1422 4394 five
1442 4317 1596 4396 Romani
1618 4315 1763 4417 Imperii
1782 4313 1918 4410 asylum
1940 4341 2027 4392 con·

1265 4419 1478 4498 cedebatur.
1516 4421 1609 4496 Vide
1650 4416 1781 4517 pariter
1818 4417 1858 4492 in
1898 4417 2025 4494 eodem

1264 4523 1447 4600 Chronico
1480 4521 1653 4620 Diploma
1686 4517 1837 4598 Ottonis
1872 4523 1939 4596 111.
1965 4519 2025 4594 dan

1264 4644 1338 4700 rum
1373 4627 1479 4700 Petro
1515 4621 1747 4698 venetiarum
1784 4621 1879 4699 Duci
1913 4627 2024 4698 Anno

1265 4729 1550 4802 DCCCCXCII.
1576 4725 1678 4801 Olim
1705 4751 1788 4826 ergo
1814 4742 1914 4800 extra
1935 4723 2023 4800 fines

1263 4827 1382 4903 Italici
1410 4827 1547 4929 Regni,
1574 4829 1609 4901 dc
1636 4827 1813 4903 immunes
1837 4829 1858 4898 a
1883 4825 2021 4902 ditione

1263 4935 1399 5030 Regum
1427 4931 1635 5004 Italicorum
1661 4929 1757 5006 luere
1782 4925 1934 5002 Veneti:
1964 4955 2024 5007 ve·

1262 5034 1339 5106 rbnr
1367 5059 1411 5107 an
1438 5034 1457 5106 l
1484 5036 1700 5107 Graecorum
1735 5024 1908 5130 imperio,
1945 5059 2025 5134 pro·

1264 5131 1434 5213 tottionis
1458 5133 1583 5212 saltem
1608 5131 1686 5236 jure
1719 5129 1931 5312 pendersent,
1974 5137 2028 5214 ‹li-

1796 5249 1800 5256 ‘
1856 5235 1975 5340 putari
