4628 6150
337 491 426 600 '529
636 479 1187 573 DsSSERTATIO
1257 481 1542 591 SEXTA,
1754 515 1839 600 530

280 599 529 683 cellarium&
565 596 714 674 Missum
751 601 887 676 Domni
925 604 1038 694 Impe-
1072 609 1106 685 A
1136 602 1232 676 cium
1249 601 1394 678 circiter
1407 605 1556 678 Annum
1573 603 1788 678 Mxxxlv.
1804 609 1901 674 Mae.

272 706 401 784 tatoris
445 703 500 775 ibi
539 700 713 791 J'udiciale
756 703 914 780 tribunal
955 729 1036 777 con·
1136 704 1274 776 ebionem
1298 731 1399 804 agere
1426 703 1597 804 coepisse?
1635 708 1745 805 Supra
1779 704 1901 780 innui·
2028 798 2035 808 ἢ

274 806 439 886 scendisle
459 827 518 900 per
534 806 615 874 dara
633 804 765 877 lieentia
783 806 923 900 ejusdem
941 809 1036 876 Mar·
1139 831 1215 880 mus
1241 829 1314 878 rem
1343 805 1426 879 saris
1453 832 1589 896 ratam,
1617 833 1742 906 nempe
1769 808 1790 879 l
1816 807 1902 880 dua·

274 912 419 988 chionis.
459 908 591 979 Vetltnt
620 906 704 1004 quia
734 927 819 982 tunc
846 911 885 984 in
912 907 1036 984 Comi·
1138 907 1200 980 bus
1218 905 1310 980 olim
1329 906 1523 982 illustribus
1542 906 1686 982 seminis
1706 906 1901 1000 Tusciam,

275 1033 353 1090 tatu
380 1006 551 1098 Lucensr,
579 1027 706 1106 atque,
733 1026 774 1084 ut
798 1013 973 1104 arbitror,
999 1009 1038 1084 iu
1138 1009 1296 1081 more&
1324 1008 1535 1083 audioritate
1551 1007 1781 1110 'reliquorum
1808 1034 1901 1104 rottr-⁸

274 1116 395 1193 eadem
424 1115 538 1187 Curte
564 1107 767 1186 versabatur
792 1113 942 1208 ipsemet
968 1117 1036 1184 lm·
1140 1109 1332 1201 chionum,
1368 1109 1500 1184 tellam
1535 1108 1658 1201 suisic,
1693 1110 1769 1196 hoe,
1797 1109 1844 1185 ell
1878 1111 1901 1186 b

275 1234 416 1322 perator
443 1210 649 1304 Conradus,
678 1214 853 1314 judicium
879 1216 959 1292 illic
986 1213 1036 1288 di·
1139 1211 1283 1284 Beaere'ee
1303 1209 1401 1308 supra
1422 1213 1608 1288 memorati
1625 1211 1803 1287 Bonisacii
1825 1215 1902 1286 Du·

276 1322 371 1395 citur
397 1315 559 1389 habitum
593 1339 651 1412 per
674 1320 756 1390 dara
784 1319 916 1392 lieentia
941 1325 1036 1392 Dam-
1139 1312 1189 1385 cis
1217 1311 1357 1402 Vidua,
1384 1315 1419 1386 δι
1447 1313 1490 1387 ab
1516 1338 1644 1406 corum
1664 1309 1740 1388 filia
1767 1311 1901 1389 celebri

277 1423 313 1494 ni
332 1417 474 1492 Contadr‘
492 1419 710 1514 imperatorie.
736 1423 821 1494 Non
840 1421 950 1496 audeo
971 1419 1039 1492 huc
1140 1409 1304 1507 o'amr'eiffa
1337 1416 1534 1490 niarailaa.
1571 1417 1699 1489 Procul
1734 1414 1843 1490 dubio
1878 1417 1901 1488 ³

276 1521 436 1604 trahere,
471 1545 560 1617 quae
586 1525 680 1595 Otto
706 1521 928 1624 Fristngenfis
954 1520 1039 1597 Lib.
1072 1513 1100 1584 B
1139 1513 1389 1588 cousuetudine
1417 1516 1539 1590 saltem
1562 1514 1771 1606 abhorruit,
1798 1509 1903 1591 senti.

277 1627 326 1699 11.
354 1628 442 1714 Cap.
473 1645 530 1718 13.
550 1621 593 1696 de
637 1622 692 1696 esl.
720 1621 1042 1699 Friderici1.scei·
1139 1616 1193 1690 nis
1217 1643 1419 1716 quanquam
1454 1615 1666 1692 fortitudine
1698 1617 1836 1710 animi,
1864 1644 1902 1692 a·

279 1727 361 1817 bit,
388 1722 526 1797 scilicet
553 1749 591 1798 ee
621 1725 687 1798 asse
713 1726 940 1828 Magistratus
965 1753 1039 1800 om·
1138 1717 1263 1817 liisque
1289 1719 1433 1794 dotibus
1468 1717 1569 1820 supra
1605 1718 1705 1796 sexus
1738 1718 1793 1794 sui
1819 1718 1902 1794 vul·

277 1851 367 1919 nes,
404 1823 545 1923 quando
583 1829 778 1926 Imperator
813 1827 955 1903 ltaliam
989 1828 1041 1902 in·
1138 1844 1198 1918 eus
1217 1819 1493 1922 assurgentibus,
1518 1819 1779 1922 gubernandam
1800 1847 1901 1898 com·

278 1930 419 2014 trabat,
458 1954 497 2000 ac
534 1927 672 2001 nemini
708 1927 778 2003 fine
812 1928 913 2004 illius
939 1929 1043 2004 venii
1138 1921 1297 1996 mendare
1339 1922 1598 2014 Provinciam,
1634 1921 1778 2022 quando
1813 1951 1899 1998 con·

278 2031 332 2106 sas
357 2027 458 2104 luisse
494 2027 673 2124 pristinam
706 2056 866 2106 exercere
891 2031 1042 2106 aubloti·
1137 2021 1253 2118 iunsln
1280 2049 1361 2098 eum
1394 2025 1569 2125 regimine
1605 2044 1682 2100 erat
1713 2023 1899 2100 neceffitas

278 2152 417 2207 tatem.
454 2130 494 2204 ld
530 2129 674 2228 quidem
711 2133 792 2232 ajo,
827 2159 1040 2232 quamquam
1135 2123 1373 2203 ducendorum
1399 2126 1644 2218 exercituum,
1672 2153 1714 2201 ac
1740 2125 1899 2202 militiae

278 2233 404 2310 Curris
431 2230 495 2306 illa
522 2231 565 2304 ad
602 2231 828 2307 Bonifatium
861 2235 1041 2311 Marchio·
1135 2223 1336 2317 faciendae,
1353 2247 1479 2327 ‘quum
1507 2255 1563 2302 res
1588 2226 1772 2328 poscebat,
1810 2229 1899 2302 alia·

277 2361 359 2410 nem
398 2332 614 2433 pertineret,
647 2331 731 2432 quia
768 2353 887 2411 tamen
924 2336 1042 2412 aderat
1133 2355 1202 2426 que
1228 2329 1446 2427 praestandi,
1480 2357 1571 2429 quae
1605 2349 1666 2404 aut
1693 2328 1793 2404 viros
1817 2347 1898 2405 tam

277 2436 457 2537 supremus
485 2455 655 2510 terrarum
695 2439 894 2529 Dominus,
930 2440 974 2512 ab
1000 2467 1044 2512 ρο
1071 2409 1102 2481 C
1134 2430 1320 2504 tummodo
1341 2429 1515 2532 exigunt,
1538 2452 1598 2505 aut
1622 2428 1816 2506 femineum
1835 2457 1899 2531 ge.

278 2538 402 2614 saltent
439 2536 601 2634 obsequii
638 2535 774 2620 causet.
812 2564 884 2614 non
911 2542 1042 2616 verbi
1132 2554 1196 2604 nus
1236 2555 1359 2630 parurn
1401 2531 1611 2632 quandoque
1648 2533 1807 2607 decent.
1846 2536 1898 2608 Et

239 2672 245 2684 “
278 2639 521 2727 marchione,
549 2636 661 2733 petita
688 2638 734 2712 est
760 2637 929 2716 facultas:
959 2667 1043 2737 qua·
1133 2631 1275 2730 quidem
1303 2635 1323 2706 ἃ
1351 2633 1531 2732 probando
1556 2633 1625 2708 hae
1652 2633 1766 2710 veluti
1794 2661 1896 2710 non·

280 2743 396 2815 finon
425 2735 577 2831 amplius
597 2737 635 2811 in
657 2738 833 2814 Bonifatii
862 2743 936 2840 jure
954 2748 1043 2820 Cut-
1134 2733 1203 2808 stro
1226 2735 1289 2810 diu
1315 2733 1507 2810 ²bsllnuere
1535 2739 1786 2834 lmpemtores·
1823 2742 1916 2820 Ver·

280 2842 421 2918 risina
448 2839 563 2927 soret,
592 2838 647 2914 sed
677 2841 821 2939 quidem
851 2848 1041 2941 imperato·
1135 2839 1211 2910 tltm
1240 2835 1485 2938 progrediente
1510 2855 1672 2937 ternpore
1697 2837 1838 2914 accessit
1857 2843 1895 2914 dc

281 2946 354 3020 ris.
382 2947 586 3032 Praeterea,
609 2943 704 3037 quod
730 2943 771 3017 ad
796 2971 870 3016 tem
895 2945 1061 3020 nosltam·
1134 2938 1280 3014 illotunr
1316 2936 1527 3030 consensus,
1562 2965 1634 3014 nou
1670 2937 1818 3039 sponte,
1853 2957 1897 3018 ut

282 3045 442 3135 attinet,
478 3040 684 3117 Bonifatius
720 3042 799 3116 heic
826 3043 1046 3124 disertisiime
1136 3058 1246 3140 puto,
1282 3037 1339 3114 sed
1374 3037 1575 3114 necessetate
1607 3041 1808 3143 concessus3
1844 3040 1896 3117 sa·

282 3165 433 3223 vocatur
468 3145 616 3217 Matthia
650 3147 694 3216 θ
729 3151 828 3235 Dux,
865 3147 919 3222 uti
946 3150 981 3222 de
1008 3148 1047 3224 in
1135 3141 1207 3218 tius
1242 3140 1339 3216 enim
1374 3139 1490 3216 visunt
1525 3141 1572 3216 est
1605 3141 1752 3216 seminis
1784 3169 1895 3240 opum

283 3247 368 3325 aliis
400 3247 488 3320 bene
515 3245 639 3320 mustis
675 3244 958 3349 subsequentium
987 3277 1046 3326 au·
1136 3271 1175 3318 ec
1210 3241 1392 3318 ditionum
1426 3243 1662 3344 amplitudine
1702 3243 1896 3320 formiden-

282 3375 411 3424 norum
453 3346 725 3435 monumentis,
771 3349 855 3448 quia
895 3350 1047 3427 Tusciae
1076 3333 1109 3402 D
1135 3345 1189 3418 dis
1214 3343 1365 3444 largiri,
1400 3343 1497 3442 quod
1523 3348 1581 3420 vel
1616 3365 1783 3446 negatum
1809 3345 1896 3424 reli·

285 3449 424 3527 Praeser
444 3453 552 3522 'antea
576 3469 730 3524 creatus.
756 3450 874 3550 Atqui
898 3471 982 3528 ante
1003 3453 1032 3530 il
1136 3471 1221 3519 nere
1244 3443 1434 3520 voluissent
1461 3463 1567 3546 atque
1594 3447 1815 3546 potuissent,
1839 3447 1898 3523 uti

284 3556 320 3629 la
346 3572 507 3650 tempora
544 3576 653 3648 quum
692 3571 764 3625 tarn
801 3553 903 3652 ipse,
939 3582 1046 3655 quam
1136 3545 1356 3646 experientia
1396 3546 1544 3622 docuit.
1584 3548 1741 3649 vestigia
1780 3549 1899 3622 domi·

283 3655 472 3728 Thedasdus
498 3655 632 3742 Pater,
658 3653 692 3726 ἃ
719 3655 1047 3730 adclamantes
1134 3648 1251 3722 nantis
1278 3645 1369 3720 olim
1394 3647 1436 3720 ln
1461 3648 1594 3724 Tuscia
1618 3647 1792 3724 Beatticis
1808 3651 1901 3748 plu·

283 3755 455 3831 illustrem
501 3752 651 3826 titulum
697 3757 899 3827 Matebioaie
944 3759 1045 3857 gesse.
1135 3748 1223 3826 rima
1250 3747 1443 3824 habentur.
1469 3753 1550 3852 Ego
1574 3777 1685 3826 unum
1710 3750 1790 3826 lteic
1815 3779 1899 3851 pro·

285 3857 388 3949 rint,
418 3879 597 3952 nunquam
625 3857 711 3926 verb
737 3857 862 3929 Ducis:
900 3858 986 3956 quid
1013 3885 1043 3933 a.
1137 3849 1246 3924 seram
1290 3870 1593 3945 monumentum,
1635 3849 1831 3927 delibatum
1878 3856 1901 3928 ὲ

286 3957 364 4034 liud
390 3956 475 4032 hinc
501 3955 670 4044 deducas,
697 3951 762 4026 nisr
787 3981 831 4029 ex
858 3957 910 4030 eis
936 3957 1041 4034 nemi.
1139 3949 1367 4026 Bibliotheca
1405 3978 1517 4050 nuper
1551 3956 1572 4027 lt
1612 3979 1669 4027 nte
1709 3953 1900 4030 memorati

287 4086 370 4134 nem
396 4055 579 4160 imperasse
605 4053 784 4144 Tus'ciae,
811 4075 919 4156 atque
943 4059 982 4132 in
1009 4087 1047 4134 ea
1139 4051 1284 4126 Clariss.
1310 4051 1393 4128 Viri
1421 4053 1583 4158 Philippi
1613 4057 1812 4132 Bouatotae
1840 4062 1901 4133 Se·

287 4161 433 4264 regione
475 4183 585 4235 unum
621 4155 873 4234 antummodo
906 4158 1047 4236 Bonisa-
1140 4154 1277 4231 naturis
1302 4154 1525 4238 florentini.

290 4389 484 4480 Placitum
516 4391 742 4484 Florentiae
773 4391 954 4486 habiturn
986 4379 1121 4485 eorem
1150 4387 1328 4480 Beattiee
1357 4386 1513 4480 bucin
1542 4415 1591 4480 ae
1620 4385 1903 4480 Marchioniffa

346 4507 540 4626 Tusciae,
569 4515 611 4601 iu
643 4545 726 4634 quo
755 4521 873 4604 Berta
903 4511 1079 4604 Ptiotissa
1110 4513 1274 4600 Sanllae
1305 4509 1523 4598 Felicitatis
1555 4511 1844 4625 processionem

356 4767 360 4774 .
416 4693 418 4698 ι
566 4635 740 4748 Regiam
770 4635 982 4725 &roobia
1009 4631 1081 4723 suo
1106 4628 1322 4746 impetrat,
1351 4635 1474 4718 Anno
1508 4658 1636 4744 ¹072·

393 4877 731 4960 U'mr'nD‘ea'namt'ne
754 4879 956 4960 incivitate
979 4885 1055 4962 Fsa·
1079 4885 1108 4961 E
1137 4875 1228 4977 fcit,
1254 4885 1301 4959 ad
1318 4867 1482 4987 justiliam
1510 4872 1714 4972 ficiendm,
1744 4873 1791 4948 θ’
1815 4871 1903 4948 asia

418 4985 525 5061 tentia
558 4986 645 5078 infra
679 4989 847 5060 Palatium
881 4991 920 5060 de
956 4997 1055 5063 Domo
1139 4986 1328 5060 {neemiam
1339 4986 1507 5078 faciendas
1528 4983 1826 5061 destituendos,
1844 4977 1904 5048 ad·

291 5087 406 5159 santii
421 5081 576 5190 johanni
594 5088 711 5162 ibidem
735 5087 888 5176 relidebat
912 5093 1054 5164 D'nmna
1130 5085 1294 5176 flantibus
1329 5109 1399 5162 eum
1425 5109 1467 5159 ea
1497 5089 1650 5180 Paganrrs
1683 5082 1725 5153 de
1747 5073 1906 5168 Caelina,

292 5184 438 5264 Beattix
465 5189 678 5267 nustria&
706 5188 961 5291 Matcbionisia
980 5189 1052 5269 Tu·
1138 5191 1182 5263 o
1200 5185 1298 5292 Wdo
1316 5193 1453 5366 ¹Cantas,
1474 5187 1519 5258 tif
1539 5183 1741 5276 Arretina,
1757 5179 1905 5358 &dGhea

397 5293 541 5367 Tomi.
1256 5291 1293 5370 L
1736 5307 1791 5359 rat
1813 5307 1853 5374 a,
