4560 6146
472 427 530 509 99
765 391 1153 515 aurinum.
1204 387 1646 482 manitatem
1886 427 1968 486 ιω

413 518 467 592 Ut
493 513 631 611 reliqua
667 536 896 590 monumenta
938 535 1172 607 praeteream,
1202 515 1236 590 A
1265 531 1424 610 tempore
1447 507 1677 610 spatiabant,
1715 509 1769 588 sed
1797 509 1903 588 etiam
1931 512 2026 588 nihil

414 615 588 716 perpende
599 615 724 691 Caroli
738 617 865 718 Magni
886 617 1185 712 Testamentum,
1267 613 1420 712 amplius
1447 613 1534 716 juris
1560 615 1599 690 in
1626 615 1704 692 illas
1740 617 1915 714 reliquum
1950 629 2028 690 erat

413 723 527 809 Anno
555 722 757 798 DCCCVl.
778 718 984 808 conditum,
1011 720 1045 792 ta
1073 721 1170 794 sna.
1264 715 1436 808 Graecis,
1465 716 1643 816 postquam
1672 743 1737 816 pax
1764 720 1857 796 inter
1884 720 2025 814 Lango-

415 811 514 898 luaio
541 824 649 896 Tem.
688 824 715 896 1.
742 837 819 922 pag:
858 843 945 920 439.
974 820 1172 922 capitular.
1267 820 1390 896 bardos
1417 823 1451 894 ἃ
1479 824 1633 896 Graecos
1651 818 1803 894 stabilita
1824 817 2027 918 legitimam

415 926 553 1022 Regum
581 929 818 1012 Francorum,
833 941 938 1022 atque
955 922 992 998 in
1011 925 1112 1000 Parte
1128 928 1174 998 ll.
1266 923 1428 998 effecerat
1452 920 1490 996 in
1502 950 1558 997 eas
1577 922 1689 998 Urbes
1709 917 2026 1020 Langobardorum

413 1027 522 1098 Tom.
552 1027 578 1096 l.
596 1029 674 1098 Rer.
705 1025 910 1100 Italicarum
939 1025 1074 1099 editum
1092 1053 1102 1099 e
1119 1025 1171 1100 in·
1268 1022 1475 1122 Principum
1505 1024 1701 1098 ditionem.
1722 1025 1844 1118 ltaque
1863 1045 1920 1094 eas
1939 1019 2027 1092 dun·

416 1125 459 1200 de
486 1125 581 1200 enirn
598 1122 783 1200 evidenter
801 1128 937 1201 elucere
964 1127 1096 1226 potest,
1110 1136 1171 1202 Re·
1266 1146 1365 1206 taxat
1393 1128 1558 1200 Aemiliae
1587 1153 1626 1200 ac
1643 1121 1828 1198 Flaminiae
1847 1121 2028 1202 Civitates

410 1229 502 1324 giem
528 1253 568 1302 ac
594 1228 764 1302 Mutinam
789 1227 910 1302 Italici
948 1229 1062 1328 llegni
1099 1255 1172 1330 por·
1269 1228 1440 1332 Pippinus
1465 1229 1670 1304 &Carolus
1695 1221 1867 1302 Ecclesiae
1898 1227 2027 1298 Roma·

413 1328 579 1421 donem,
598 1329 641 1404 δι’
660 1331 680 1402 l
698 1329 821 1405 Terris
835 1330 963 1406 Sanclo
992 1335 1097 1406 Petro
1113 1331 1174 1406 don
1269 1363 1331 1410 nae
1350 1334 1446 1406 dono
1464 1327 1655 1421 dederuut,
1671 1327 1799 1426 quibus
1826 1325 1953 1400 Graeci
1973 1326 2029 1400 in·

412 1431 536 1521 natis,
559 1429 695 1530 prorsus
722 1430 862 1508 exclusa
877 1431 1175 1530 fuille.Inclytus
1208 1445 1235 1516 B
1267 1449 1473 1537 peraverant
1500 1429 1606 1530 usque
1642 1431 1686 1506 ad
1722 1447 1882 1528 tempora
1922 1426 2029 1506 Line.

412 1532 479 1610 illc
507 1536 702 1632 Imperator
730 1535 885 1634 Pippino
905 1535 994 1635 Regi
1014 1534 1094 1610 filio
1114 1536 1174 1612 suo
1268 1537 1413 1630 prandi,
1440 1535 1474 1606 ἃ
1499 1559 1587 1630 quae
1607 1549 1692 1608 tunc
1707 1531 1924 1604 Eratclratttm
1946 1556 2030 1606 con.

415 1634 571 1728 Italiam,
599 1661 677 1732 qnae
704 1637 749 1708 (t
775 1639 1003 1732 Langobardia
1027 1640 1175 1734 diriter,
1265 1639 1475 1716 llituebant.
1502 1639 1549 1710 Et
1585 1632 1751 1735 quamvis
1789 1631 1900 1708 idem¹
1921 1632 2030 1708 Liut·

414 1733 654 1836 poffidendam
678 1737 809 1811 tradit.
825 1739 923 1812 Tum
938 1738 1041 1841 hujus
1062 1745 1175 1842 Regni
1268 1743 1440 1840 pranduS,
1467 1735 1716 1836 Ayllulpbus,
1754 1759 1794 1810 ae
1831 1731 2030 1810 Desiderius

413 1836 627 1913 divisionem
652 1837 740 1914 facit
766 1837 815 1938 (st
840 1839 933 1914 forte
959 1841 1177 1918 linetliberis
1269 1847 1468 1928 herniam,
1495 1845 1614 1912 Ferant
1627 1836 1791 1927 Cornelii,
1818 1861 1857 1911 ac
1884 1833 1955 1910 alia
1976 1838 2031 1910 lo·

414 1937 595 2040 decedat)
628 1967 804 2041 unamque
840 1943 1043 2042 portionem
1084 1944 1178 2019 bisce
1269 1975 1308 2020 ca
1343 1974 1387 2023 ex
1419 1938 1542 2016 eodem
1572 1945 1749 2016 Exarcatu
1790 1935 2030 2029 “lemllsessh

413 2041 533 2118 verbis
552 2042 730 2118 delineat:
747 2047 808 2116 Ab
826 2041 962 2140 ingreffu
987 2045 1103 2120 ltaliae
1121 2070 1179 2144 per
1269 2048 1435 2147 antiquos
1455 2058 1573 2120 tamen
1601 2042 1688 2118 fines
1717 2038 1895 2114 rellitutos
1923 2043 2030 2116 Pran-

414 2143 600 2238 magestate
625 2143 823 2232 Civitatem,
851 2145 1042 2241 Ebeeejam,
1061 2152 1173 2221 Vereri·
1267 2150 1300 2224 ci
1330 2156 1441 2250 Reges
1468 2148 1638 2231 voluere,
1657 2144 1725 2216 lroc
1740 2140 1785 2216 eil
1803 2137 1953 2218 fluvium
1969 2147 2029 2218 Sa·

415 2242 492 2334 las,
519 2245 739 2339 Papiam&
763 2247 877 2318 deinde
892 2269 950 2345 pet
974 2253 1102 2322 Padurn
1107 2251 1175 2346 flu·
1267 2252 1423 2328 mediam
1451 2242 1544 2322 inter
1583 2242 1843 2333 mannasca.
1868 2269 1907 2318 ²⁶
1943 2247 2028 2320 Mu·

413 2344 509 2420 vium
532 2346 666 2420 tennine
689 2368 827 2420 currente
845 2348 999 2447 usquead
1014 2351 1173 2444 finesRe·
1207 2366 1236 2436 C
1265 2354 1418 2431 tinenses
1452 2351 1726 2426 decurrentem.
1763 2345 1871 2438 Quod
1916 2345 2027 2422 etiam
2085 2371 2092 2387 ·

413 2446 581 2544 graiium
609 2448 654 2520 U·
680 2449 780 2546 ipsum
815 2452 984 2545 Reginae,
1013 2457 1058 2524 (9¹
1082 2457 1172 2527 Cioi·
1265 2455 1395 2532 conllat
1421 2487 1465 2536 ex
1492 2451 1647 2554 Epillola
1671 2454 1766 2526 LIV.
1794 2445 1943 2524 Codicis
1956 2451 2028 2524 Ca·

415 2569 516 2624 tarem
541 2555 694 2639 Novam,
719 2573 816 2648 aeque
832 2555 1003 2627 Mutinam
1027 2555 1178 2653 usquead
1267 2559 1397 2651 rolini,
1417 2561 1455 2636 in
1489 2583 1558 2656 qua
1585 2551 1816 2652 conqueritur
1844 2549 2027 2631 Adrianus

416 2651 567 2724 termines
592 2653 707 2726 Sentii
732 2655 842 2728 Perti.
864 2660 959 2755 Ergo
982 2657 1178 2756 imperante
1271 2665 1360 2760 Papa
1376 2719 1387 2746 ,
1403 2660 1557 2740 scribens
1571 2657 1614 2732 ad
1634 2657 1804 2732 Carnium
1830 2656 2030 2753 Magnum,

416 2753 555 2829 cnuto
582 2756 718 2856 Magno
746 2760 969 2840 percurrebat
1009 2761 1174 2834 Italicum
1268 2763 1360 2860 quod
1382 2759 1679 2860 Archiepiicopus
1717 2761 1902 2832 Ravennas
1926 2755 2028 2834 inva-

416 2855 581 2952 Regnum
609 2857 701 2930 ultra
728 2859 921 2948 Mutinam,
948 2860 992 2934 ad
1018 2862 1117 2962 cujus
1143 2892 1175 2938 a·
1271 2865 1509 2961 lriietdiveesas
1527 2863 1691 2936 Cirntnttr
1713 2859 1903 2949 Aemiliae,
1925 2875 2030 2934 antea

415 2953 472 3056 gri
499 2952 589 3032 lines
612 2977 713 3032 erant
739 2959 885 3034 termini
922 2963 1037 3038 Sentii
1068 2967 1176 3038 Petri.
1268 2971 1285 3044 a
1317 2967 1492 3072 tipptm,
1517 2985 1622 3064 atque
1642 2964 1688 3046 ab
1706 2959 1782 3063 ipso
1805 2963 1936 3042 Carolo
1959 2964 2033 3034 Ro·

417 3057 484 3134 Sed
509 3061 651 3156 quando
678 3061 890 3160 apertill'rrna
910 3066 995 3140 haee
1015 3068 1120 3142 uerba
1140 3067 1176 3142 in
1271 3097 1398 3147 manae
1417 3068 1590 3147 Ecclesiae
1615 3067 1784 3154 traditas,
1806 3062 1942 3138 scilieet
1962 3067 2031 3136 Fa·

416 3159 529 3236 alium
557 3178 720 3260 torquere
747 3162 882 3238 leolum
923 3195 1015 3242 nunc
1050 3169 1179 3244 audem
1269 3175 1434 3267 atentiam,
1456 3181 1575 3246 Pernen
1600 3168 1740 3264 Populi,
1768 3165 1940 3257 Carfinas,
1965 3171 2032 3242 Be-

418 3259 555 3358 aliqui,
583 3280 623 3336 ut
651 3261 730 3336 suae
752 3266 883 3352 caullae
903 3268 1025 3342 omnia
1053 3273 1110 3344 vel
1126 3271 1163 3344 in
1210 3276 1375 3366 Ubinnr,
1394 3276 1615 3362 Ceneiaelnet,
1640 3275 1801 3344 Dneamm
1829 3268 2031 3357 ferrariae,

420 3362 498 3438 uita
521 3363 787 3455 accomodent,
827 3367 920 3440 nihil
948 3369 1101 3466 amplius
1127 3400 1171 3446 re.
1263 3376 1491 3468 festinantiae,
1520 3395 1616 3470 atque
1642 3368 1843 3444 Bononiam.
1880 3371 2030 3446 Nullam

416 3462 481 3538 liat
497 3485 509 3562 ;
528 3466 624 3564 quod
642 3469 662 3540 l
680 3465 901 3542 Criticnrum
922 3469 1121 3572 stribligine
1139 3473 1173 3546 fi·
1266 3476 1344 3550 heic
1374 3478 1593 3552 mentionem
1624 3472 1729 3548 habes
1757 3469 1935 3559 Mutinae,
1962 3479 2031 3544 Re·

417 3565 455 3642 bi
483 3567 609 3644 timere
635 3595 709 3644 non
736 3569 859 3668 pellit.
887 3573 1054 3647 Alterum
1076 3573 1177 3672 huius
1266 3579 1336 3671 gii,
1362 3586 1523 3670 Parmae,
1550 3575 1751 3650 Placentiae.
1776 3573 1853 3644 Cur
1877 3569 2029 3669 quaeso?

416 3667 608 3761 veritatis,
636 3674 671 3746 dr
698 3671 789 3746 illud
809 3673 918 3746 etiam
939 3675 1170 3750 luculentilli-
1270 3679 1329 3754 nib
1351 3681 1436 3780 quia
1456 3683 1499 3754 ab
1529 3677 1677 3775 antiquo
1703 3693 1863 3771 tempore
1886 3672 1928 3746 ad
1958 3677 2031 3747 lta·

415 3795 541 3860 tuum,
555 3771 809 3848 documentum
833 3774 938 3848 attuli
965 3777 1004 3850 in
1029 3778 1162 3874 Capito
1271 3781 1381 3856 licum
1404 3787 1564 3885 Regnum
1587 3777 1899 3880 pertinentes,eas
1917 3775 1955 3849 in
1972 3771 2032 3856 sua

415 3872 483 3946 leri
512 3873 678 3950 Lotbarii
707 3879 735 3948 l.
763 3875 911 3974 Augusti
937 3882 979 3949 de
999 3879 1176 3970 Dalirina,
1270 3884 1408 3959 ditione
1426 3885 1619 3959 retinuerat
1643 3881 1815 3969 Carolus,
1841 3903 1954 3974 neque
1973 3901 2032 3954 eas

417 3973 516 4070 quod
541 4001 584 4052 ex
617 3981 729 4052 Msto
761 3977 1005 4074 antiquillimo
1042 3983 1178 4056 Codice
1269 3985 1442 4061 Eccleliae
1467 3992 1647 4060 Romanae
1666 3982 1885 4056 donaverat.
1908 3987 2030 4053 Penta·

417 4075 644 4154 cathedralis
667 4081 885 4157 Mutinensis
908 4083 980 4184 jam
1006 4083 1103 4158 edidi
1140 4085 1177 4159 in
1266 4088 1523 4188 palimquoque
1548 4085 1725 4178 Stephano
1756 4087 1820 4158 lll.
1843 4086 1954 4184 Papae
1971 4083 2034 4158 do·

418 4175 538 4254 cadem
568 4184 671 4258 Parte
699 4188 746 4258 ll.
772 4187 885 4260 Tomi
914 4189 941 4259 1.
970 4189 1049 4260 Rer.
1080 4187 1170 4260 itali
1212 4191 1238 4262 E
1271 4216 1317 4262 no
1343 4189 1463 4264 datam
1489 4194 1508 4264 l
1537 4189 1691 4290 Pippino
1726 4192 1847 4283 Rege,
1879 4199 2033 4262 tentarat

417 4305 565 4356 carum.
594 4283 649 4358 lbi
671 4285 866 4362 Lotbarius
884 4287 927 4361 ad
955 4288 1096 4364 Literas
1119 4315 1170 4363 err·
1272 4291 1590 4392 Archiepiscopus,
1615 4294 1737 4365 verbm
1765 4286 1931 4362 Pontifex
1950 4283 2034 4364 scri·

416 4382 582 4460 colendas
597 4389 708 4484 Regni
721 4391 828 4461 Italici
854 4394 950 4464 Urbes
965 4391 1121 4479 excitat,
1143 4393 1177 4466 ta
1236 4451 1241 4462 .
1271 4392 1347 4484 bit,
1373 4421 1429 4469 eas
1453 4395 1633 4470 Ciuitates
1649 4393 1687 4468 in
1712 4387 1882 4490 obsequio
1898 4393 2031 4464 Roma·

415 4483 455 4560 in
483 4485 573 4562 hauc
599 4515 674 4562 rem
701 4489 844 4564 Scholas
864 4491 1024 4584 publicas
1037 4491 1179 4567 ilatuit.
1271 4523 1336 4569 nae
1348 4497 1446 4571 Sedis
1460 4496 1577 4570 firmas
1594 4493 1805 4570 constitisse.
1831 4491 1938 4570 Nihil
1957 4492 2030 4568 tale

415 4590 518 4666 Inter
540 4589 713 4690 ejusmodi
730 4593 841 4666 Urbes
858 4595 1081 4686 Placentiam,
1097 4603 1176 4668 Pat-
1270 4599 1312 4670 de
1335 4619 1488 4696 quatuor
1523 4599 1569 4674 iis
1597 4599 1753 4673 Urbibus
1795 4613 2030 4672 memoratum

415 4717 521 4784 mane,
542 4694 704 4792 Regiam,
732 4721 772 4768 ac
798 4697 971 4767 Mutinam
995 4695 1178 4772 recensitas
1269 4699 1411 4775 videas.
1445 4705 1626 4776 Praeterea
1652 4702 1773 4801 quales
1807 4699 1914 4775 effert
1945 4697 2031 4772 lines

414 4794 523 4871 vide.
548 4801 596 4872 Et
623 4796 703 4872 sane
729 4825 791 4872 eur
806 4823 850 4872 ex
869 4798 999 4872 italico
1027 4803 1177 4898 Regno,
1267 4804 1300 4876 δι
1332 4805 1443 4877 Urbes
1478 4809 1673 4878 Exarcatus
1709 4803 1851 4877 circiter
1880 4803 2029 4874 Annum
2149 4875 2159 4894 ,

415 4891 454 4968 in
482 4923 555 4995 quo
580 4899 706 4974 tandiu
732 4899 901 4990 lucrant,
940 4897 1041 4974 hasce
1076 4899 1178 4976 Civi·
1268 4903 1398 4978 Christi
1435 4909 1583 4980 DCCll.
1620 4907 1765 4981 edocere
1787 4929 1851 4976 nos
1892 4900 2032 5002 poliunt

377 5073 382 5082 ,
415 5011 507 5072 tates
532 5003 684 5078 Carolus
710 5000 917 5078 avelleret?
943 5007 1068 5099 Neque
1095 5001 1180 5077 illae
1269 5005 1417 5107 Agnelli
1447 5010 1663 5082 Rauennatis
1708 5003 1879 5080 Historiei
1924 5002 2033 5078 verba

414 5113 559 5176 tantuna
585 5106 628 5178 ad
651 5104 748 5182 idern
773 5111 934 5210 Regnum
960 5107 982 5182 l
1009 5103 1179 5183 diuturno
1268 5111 1377 5198 Tene.
1405 5113 1454 5186 Il.
1483 5115 1579 5186 Part.
1600 5115 1629 5184 L
1650 5113 1732 5184 Rer.
1767 5107 1943 5288 ltalieapk
1948 5131 2033 5284 pag.
