4628 6148
493 443 574 532 15¹
796 407 1188 528 ANTIQUIT.
1238 401 1470 494 MEDII
1512 407 1687 502 ΑΕΗ
1902 451 1981 536 152

428 563 470 612 ae
494 533 620 610 Italiae
644 535 722 608 Rex
742 530 1014 622 decernebatur,
1040 535 1070 603 is
1090 527 1191 612 simul
1222 549 1254 622 Α
1283 524 1348 599 ille
1388 524 1538 628 scribit)
1575 534 1669 604 matri
1703 531 1841 623 illustres
1867 541 1984 612 Heraea
2007 569 2047 614 ea

428 635 725 736 designabatur&
748 634 887 710 suturus
910 652 986 707 erat
1013 637 1189 708 Romano-

427 767 506 816 rum
535 743 754 840 Imperator,
789 762 832 810 eo
857 733 929 808 sere
956 735 1083 836 padio,
1118 763 1190 835 quo

428 842 554 916 noslris
596 837 814 940 temporibus
856 835 1074 938 quicumque
1113 843 1190 912 Rex

428 949 672 1018 Romanorum
693 941 952 1040 proclamatur,
979 957 1114 1015 certum
1135 941 1190 1040 jus

425 1042 655 1142 consequitur
681 1040 724 1115 ad
761 1041 963 1142 Imperialia
987 1041 1096 1116 etiam
1124 1043 1188 1118 Di·

426 1143 577 1248 gnitatis
594 1143 744 1218 titulum
763 1145 799 1216 dt
820 1145 982 1217 culmen:
1009 1143 1073 1217 nist
1093 1145 1187 1243 quod

1285 629 1506 721 Lonibardia,
1542 633 1680 726 Tuscia,
1704 637 1870 728 Janaenlr'
1882 693 1894 730 ,
1929 643 1975 710 Θ·
2008 675 2046 716 a·

1282 730 1340 848 siis
1363 732 1483 804 Italiae
1513 734 1693 827 dominiis,
1725 765 1764 810 ar
1786 740 1889 836 major
1913 743 1959 812 (θ’
1986 767 2046 843 ρο.

1282 851 1346 902 taor
1365 853 1445 932 pars
1465 836 1653 934 Principum
1678 839 1711 908 in
1739 844 1955 940 Transalpina
1977 855 2048 919 Re.

1278 960 1344 1030 gne
1368 960 1580 1010 conuenerunt
1606 939 1641 1012 in
1668 943 1749 1012 Urbe
1771 945 2044 1036 Franrrsurtensi.
2110 999 2119 1005 -

1282 1037 1380 1110 Tum
1407 1035 1548 1131 subdit,
1573 1067 1698 1116 omnes
1724 1047 1954 1122 concordibus
1978 1073 2044 1124 vo·

1283 1137 1331 1211 tis
1364 1137 1404 1212 in
1438 1141 1664 1219 Elesiionem
1701 1144 1874 1221 friderici
1900 1153 1929 1222 I.
1959 1177 2046 1224 con·

427 1249 518 1322 olim
555 1265 595 1320 ut
631 1269 761 1318 nomen
796 1247 831 1318 ὅ(
868 1243 947 1320 usus
988 1245 1190 1347 Augustalis
1220 1251 1246 1320 Β
1284 1237 1435 1314 senstlse·
1461 1247 1580 1336 Quare
1606 1245 1679 1346 jan
1706 1247 1850 1340 videas,
1874 1253 2044 1328 nonanis

427 1347 631 1450 Dignitatis
657 1346 726 1420 rite
752 1348 1005 1438 assumeretur,
1041 1375 1130 1450 opus
1154 1375 1183 1424 e·

426 1471 481 1524 rat
502 1447 748 1526 Coronatione
768 1452 949 1523 Romana.
966 1455 1088 1548 Atque
1103 1451 1188 1524 haec

427 1553 551 1625 omnia
590 1553 611 1624 d
651 1551 807 1626 Summis
848 1549 1106 1644 Pontificibus,
1146 1551 1189 1626 ad

425 1681 515 1753 quos
543 1653 728 1753 praecipue
755 1651 956 1754 pertinebat
992 1657 1184 1754 Imperato-

425 1783 505 1830 rum
547 1753 712 1846 Eleslio,
752 1752 961 1828 censendum
1003 1755 1050 1830 est
1088 1754 1188 1832 suilse

1282 1341 1494 1418 Germaniae
1523 1345 1762 1440 Primatibus‚
1789 1375 1903 1448 eoque
1928 1352 2046 1430 minus

1283 1441 1363 1516 unis
1381 1445 1615 1544 Septemviris
1633 1447 1858 1524 Elesioribus
1876 1453 1967 1526 olim
1986 1453 2046 1528 da·

1282 1562 1359 1618 tum
1383 1571 1500 1621 creare
1521 1547 1615 1648 polle
1640 1553 1796 1650 Regem,
1821 1577 1862 1626 ac
1885 1551 2047 1630 futurum

1282 1653 1561 1746 Imperatorem,
1587 1649 1643 1726 sed
1670 1651 1810 1725 Italicis
1828 1679 1970 1752 quoque
1990 1657 2046 1756 jus

1280 1747 1376 1825 idem
1394 1748 1519 1845 soille,
1544 1779 1584 1826 ac
1604 1773 1787 1856 propterea
1805 1755 1959 1830 nimium
1980 1785 2047 1832 nu.

428 1857 587 1930 concessa
614 1873 675 1930 aut
701 1855 816 1931 tacito
836 1855 1024 1950 consensu,
1050 1875 1184 1934 auter·
1282 1871 1379 1944 tare,
1413 1881 1504 1952 quae
1538 1859 1764 1931 Hermannus
1796 1857 2046 1958 Cnnringius,

427 1955 547 2060 preffis
573 1956 710 2056 pastis,
735 1957 868 2033 aurita
887 1957 1051 2034 suadente
1069 1980 1189 2052 metu,
1283 1950 1343 2024 vir
1363 1953 1499 2052 alloqui
1525 1957 1709 2058 fingularls
1724 1958 1963 2050 erudltlonl8‚
1983 1959 2046 2033 lta·

428 2085 540 2154 quum
567 2061 666 2130 nulla
696 2061 904 2156 plerumque
927 2059 1110 2136 obsistendi
1135 2091 1187 2137 ra·
1283 2053 1343 2125 bet
1377 2052 1418 2126 in
1445 2055 1558 2130 Libro
1582 2057 1629 2130 de
1652 2059 1774 2140 Finib·
1802 2065 1933 2160 Impar.
1956 2065 2045 2134 Ger·

426 2158 483 2231 tio
503 2157 595 2230 soret
616 2174 753 2230 armato
777 2160 866 2260 Regi
885 2161 1029 2236 Italiam
1055 2163 1188 2238 intran·
1222 2177 1251 2244 s,
1284 2179 1377 2226 man·
1412 2155 1497 2231 Lib·
1529 2183 1567 2232 ι.
1599 2162 1691 2259 Cap·
1728 2183 1786 2257 19.
1812 2161 1848 2260 b
1876 2166 1939 2235 28.
1973 2167 2049 2233 Hae

425 2259 482 2349 ri,
509 2260 544 2331 δι
572 2257 693 2332 inlici
712 2259 826 2356 Regni
847 2262 1044 2359 potentiam
1063 2265 1099 2338 δι
1118 2266 1188 2339 Cn
1279 2253 1361 2344 facis
1396 2255 1504 2354 (sunt
1538 2260 1615 2360 ejus
1649 2260 1753 2334 verba
1772 2261 1786 2360 )
1824 2263 1909 2356 quoa
1942 2263 2047 2334 Italia

427 2386 554 2436 ronam
589 2359 739 2461 adepto.
777 2365 946 2437 Ceterum
986 2365 1078 2441 milri
1114 2368 1189 2442 veri
1282 2384 1403 2429 mm
1418 2381 1517 2456 paena
1539 2361 1721 2459 potestatem
1739 2361 1886 2453 Caesaris
1902 2382 1961 2433 aut
1976 2371 2045 2435 Re·

425 2461 572 2536 videtur
604 2458 742 2556 limile,
775 2489 848 2537 non
883 2483 957 2539 tam
985 2466 1060 2541 citb
1093 2469 1187 2542 exci·
1279 2462 1335 2556 εὖ
1368 2461 1595 2556 militumi,
1630 2465 1766 2560 nanque
1790 2462 1886 2556 elui,
1919 2462 1975 2560 qui
1998 2466 2048 2533 Ψ

426 2562 514 2637 disse
539 2565 595 2664 jus
623 2563 831 2639 Italicorum
859 2566 1065 2666 Principum
1086 2569 1122 2644 in
1144 2575 1185 2644 E·
1234 2561 1237 2570 ’
1285 2561 1380 2633 italis
1404 2563 1742 2662 mnibust'mperandi
1762 2565 1820 2658 ius
1842 2565 1983 2654 habeat,
2005 2591 2046 2634 ν·

426 2663 582 2738 ledlione
603 2669 761 2764 Regum.
788 2671 880 2742 Otto
904 2667 1125 2770 Frisiogenfis
1144 2677 1187 2746 Ε·
1284 2663 1320 2731 '¹¹'
1344 2665 1534 2737 Germaniae
1557 2666 1637 2739 citra
1661 2692 1781 2738 mem
1806 2663 2047 2751 Miffflstw

426 2763 612 2868 piscopos,
639 2766 774 2842 nobilis
793 2767 1013 2862 Hilloricus,
1038 2771 1188 2848 reserens
1285 2789 1455 2860 numquam
1479 2793 1542 2838 nvn
1566 2763 1759 2864 conceffert't,
1784 2795 1823 2838 ex
1846 2791 1906 2864 qut
1923 2769 1969 2840 ab
1985 2775 2045 2837 Ot-

426 2867 504 2940 abia
526 2866 697 2942 Friderici
717 2873 747 2944 I.
766 2870 915 2970 Augnsli
936 2873 1091 2974 Nepotis
1113 2872 1188 2964 sui,
1283 2885 1353 2934 ΝΜ
1382 2865 1455 2954 susi
1485 2867 1636 2942 divisim
1670 2869 1781 2941 Alios
1814 2891 1934 2940 ¹¹¹0?ss
1964 2891 2048 2965 Ρῐθ·

424 2969 510 3044 Lib.
537 2993 572 3044 2.
608 2971 698 3070 Cap.
737 2993 769 3044 1.
804 2971 847 3044 de
880 2973 972 3048 cett
1007 2973 1187 3075 ejusdem,
1284 2965 1394 3062 gressu
1419 2967 1593 3068 temporis
1615 2967 1833 3061 Germania,
1857 2969 1951 3043 alios
1973 2971 2046 3042 lta·

424 3070 549 3144 annor
574 3069 642 3159 eli,
677 3098 750 3144 non
775 3071 921 3149 defuisse
955 3073 1061 3174 hujus
1087 3077 1183 3153 Prin·
1220 3099 1250 3166 D
1284 3067 1331 3140 lia
1358 3064 1426 3142 hoe
1452 3068 1491 3142 in
1518 3071 1669 3172 negotio
1691 3069 1812 3172 cepit.
1836 3073 1933 3146 Nam
1952 3068 2045 3171 apud

425 3170 515 3272 cipis
534 3170 715 3245 Eleiiioni
743 3172 910 3270 quosdam
937 3179 1063 3253 Italiac
1082 3180 1184 3282 Opti·
1286 3169 1394 3242 112108
1439 3169 1616 3246 crescente
1658 3171 1821 3270 potentii
1859 3170 2045 3263 Urbium,

424 3289 557 3344 matrs.
585 3277 624 3344 In
649 3273 793 3370 Oppida,
819 3275 941 3374 inquit
967 3277 1053 3371 ille,
1080 3285 1185 3354 Fran·
1280 3271 1466 3370 quaejam
1493 3271 1723 3373 Reipublicae
1748 3271 1902 3346 bamam
1917 3273 2046 3346 adurn-

422 3373 563 3462 nnefnn
600 3375 643 3444 da
681 3396 749 3446 nam
786 3375 937 3469 inmensa
978 3380 1189 3478 Transalpini
1283 3371 1419 3461 lirant,
1442 3397 1568 3446 omnes
1592 3372 1663 3446 fere
1689 3371 1882 3472 Episcopi.
1905 3373 1942 3445 δι
1969 3375 2044 3471 ple.

424 3473 537 3570 Regni
560 3475 754 3566 latitudine,
781 3479 965 3572 ariensem
982 3479 1122 3578 (miram
1136 3485 1185 3554 di.
1283 3471 1383 3569 rique
1408 3470 1599 3547 saeculares
1625 3471 1810 3574 Principes
1832 3470 1907 3546 suis
1929 3472 2045 3546 ditio·

422 3570 502 3646 eia!
514 3575 529 3674 )
564 3577 752 3675 Principum
775 3583 889 3670 rebar,
925 3609 987 3654 aaa
1012 3581 1088 3670 stne
1119 3585 1185 3681 qai.
1282 3573 1412 3663 nibus,
1447 3573 1518 3648 hoc
1544 3573 1594 3648 est
1624 3573 1874 3648 dominatione
1897 3573 2043 3649 Civita-

424 3678 557 3768 hasdam
582 3680 748 3752 castalia
782 3681 989 3772 Baraaibas,
1025 3703 1187 3782 tamqnam
1282 3692 1359 3750 tum
1384 3676 1420 3748 n
1446 3675 1647 3751 Castrorum
1674 3674 1819 3777 spoliati
1845 3673 1957 3766 sunt,
1987 3693 2042 3750 at-

425 3777 463 3848 io
487 3803 586 3849 unum
619 3799 728 3876 carpas
761 3783 936 3853 coadunari
963 3786 1091 3881 pauit.
1128 3788 1189 3861 Ubi
1284 3803 1352 3874 que
1376 3775 1417 3852 in
1434 3803 1476 3852 ea
1502 3777 1768 3878 perturbatione
1791 3803 1908 3852 terum
1934 3779 1991 3879 jus
2006 3805 2045 3854 e·

424 3901 522 3976 mam
546 3881 586 3950 de
611 3879 757 3978 eligenda
776 3883 928 3978 &incipe
942 3885 1101 3960 Primaaes
1118 3916 1185 3962 can.
1282 3879 1370 3954 tiam
1400 3878 1592 3955 amiserunt
1626 3879 1863 3955 conveniendi
1891 3879 1938 3954 ad
1973 3883 2044 3954 Re·

417 3978 620 4072 saltarent:
640 4011 716 4055 nam
742 3984 777 4056 ia
795 3981 886 4080 juris
911 3990 1053 4060 Romani
1086 3995 1184 4088 Impe·
1216 4003 1245 4072 Ε
1281 3983 1414 4081 gum&
1428 3981 1617 4058 Caesarum
1636 3980 2042 4056 Elaitionenmnoer·

397 4081 468 4152 ‘rii
500 4105 606 4180 apex,
645 4087 797 4159 videlieet
831 4113 892 4158 aaa
925 4109 984 4184 per
1013 4091 1188 4188 sanguinis
1256 4083 1398 4164 ,mania
1423 4109 1538 4176 vero,
1572 4103 1612 4159 ut
1647 4083 1805 4159 saciliori
1831 4082 1892 4158 via
1916 4083 2039 4155 eadem

368 4253 371 4260 ,
418 4185 624 4281 propaginem
658 4189 862 4281 descendere,
890 4190 952 4283 sed
980 4213 1040 4288 per
1062 4194 1183 4265 Primi.
1281 4183 1425 4258 Eleaio
1440 4207 1685 4286 perageretur,
1712 4184 1832 4261 sensim
1859 4182 2042 4282 suffragio-

419 4305 498 4380 pum
522 4285 718 4358 Esetiionm
742 4297 849 4388 Reges
872 4317 994 4384 creare,
1013 4293 1082 4378 sihi
1105 4317 1186 4366 ram·
1282 4312 1358 4360 rum
1383 4287 1437 4386 jus
1458 4286 1637 4361 redablum
1663 4288 1710 4360 eli
1722 4288 1764 4360 ad
1784 4291 1924 4382 Septem
1943 4309 2041 4384 prae·

423 4409 519 4482 quam
544 4413 582 4456 ex
600 4386 765 4483 fingusari
784 4394 1014 4489 praerogativa
1039 4395 1108 4468 &a
1127 4399 1183 4486 Ju·
1279 4388 1403 4485 ci'puna
1429 4387 1635 4490 ampliffimi
1661 4387 1763 4462 itlius
1789 4383 1934 4484 Regni,
1968 4383 2042 4462 five

422 4503 487 4560 vat
522 4484 662 4582 insuper
697 4488 831 4564 adferre
866 4519 956 4590 quae
992 4495 1098 4570 habet
1133 4499 1182 4570 A·
1281 4489 1514 4592 Reipublicae
1540 4495 1724 4580 Procetes,
1750 4485 1812 4587 qui
1837 4511 1933 4562 nnnc
1958 4491 2040 4562 Ele·

418 4586 571 4662 mandus
597 4590 616 4661 l
644 4590 794 4664 Secretis
820 4591 926 4694 ipsius
954 4596 1127 4672 friderici
1155 4601 1184 4673 l.
1278 4589 1393 4668 &iores
1418 4591 1609 4692 dicuntor3
1643 4592 1680 4664 δε
1715 4590 1883 4691 proxime
1906 4605 2040 4690 praeto·

420 4685 461 4762 in
488 4689 603 4766 Libro
629 4690 671 4767 de
699 4691 826 4793 primis
852 4695 957 4771 Astis
983 4699 1002 4772 I
1029 4699 1182 4774 frideri.
1277 4693 1350 4766 rito
1375 4695 1524 4768 Saeculo
1546 4694 1683 4769 duobus
1710 4692 1843 4769 additis
1860 4692 1903 4766 ad
1928 4712 2038 4761 nore·

421 4815 466 4862 eo
492 4792 530 4866 in
552 4795 708 4890 Imperio
734 4795 907 4894 perablis,
934 4826 1038 4898 quem
1066 4799 1181 4875 lauda-
1277 4793 1416 4870 natium
1441 4820 1628 4872 numerum
1654 4796 1934 4871 assurrexerunt.
1967 4791 2039 4862 Ce·

389 4965 392 4972 .
421 4903 500 4961 tum
527 4895 603 4968 vidi
631 4899 651 4970 i
678 4924 789 4998 nuper
815 4921 1012 4975 memorato
1038 4905 1182 4976 Gewol·
1277 4915 1391 4973 terum
1421 4899 1674 4976 vetustioribus
1709 4895 1864 4972 Saeculis
1899 4916 1971 4964 non
1998 4889 2039 4966 in

421 4983 470 5061 do
494 4992 748 5079 jurisconsulto
766 5001 980 5077 Germanico
1000 5003 1039 5076 in
1059 5002 1182 5078 eodem
1275 4997 1495 5094 Germania,
1530 5001 1588 5079 sed
1624 4995 1751 5076 Ticini
1779 4999 1819 5070 in
1846 4991 2040 5096 magnifico

422 5089 596 5172 Tnaatu
620 5105 710 5208 Cap.
736 5107 774 5186 6.
799 5111 902 5186 Anno
926 5109 1077 5184 MCLII.
1104 5105 1183 5208 (ita
1275 5101 1484 5183 Italicorum
1513 5103 1718 5204 Principum
1744 5116 1954 5192 conventu,
1979 5123 2040 5202 pe·

419 5260 425 5270 .
1765 5221 1768 5226 ·
1888 5225 1988 5306 rage-
