4560 6146
496 457 558 542 9,
801 425 1192 546 aurinum.
1242 421 1688 514 nranrrnarr
1924 433 1988 540 ,s

438 550 573 623 Carolo
608 543 744 666 Magno
779 547 948 648 paruisse,
975 551 1112 620 elucere
1147 546 1195 620 vi·
1225 549 1477 640 Aperatorem
1507 547 1755 643 conqueritur,
1783 547 1918 646 Populos
1951 549 2049 622 Sala?

437 650 542 724 detur
560 675 603 723 ex
628 648 781 750 Epistola
809 653 868 722 x1.
888 647 1022 725 Leonis
1046 651 1112 720 lli.
1138 651 1199 720 Pa·

437 777 525 852 pre,
553 755 674 826 Tomo
701 755 783 823 Vll.
810 748 1009 823 Concilior.
1041 749 1200 840 Labbei,

438 853 477 928 in
498 881 566 952 qua
586 854 616 926 is
641 851 801 1022 lpquistur
823 849 866 924 de
890 853 1087 968 fortunato
1110 855 1192 924 Gra-

431 950 871 1154 inludantur
885 977 952 1144 n
972 973 1199 1126 arun

439 1158 563 1231 Polum
584 1153 651 1227 sese
672 1173 869 1252 receperat.
894 1157 1080 1254 Propterea
1103 1159 1198 1228 Dan·

433 1256 538 1330 drrlus
566 1255 664 1353 supra
701 1276 914 1329 memoratus
942 1255 977 1328 in
1015 1255 1197 1332 Chronico

436 1361 530 1434 Lib.¹
547 1379 582 1454 7.
609 1360 697 1454 Cap.
726 1380 782 1450 ις.
809 1357 846 1430 in
875 1353 958 1430 haec
977 1357 1089 1430 :verba
1117 1357 1196 1432 scri·

1281 645 1395 717 anniae
1421 645 1540 734 nostrae
1576 649 1609 717 r'n
1636 649 1871 746 capeivirnrern-
1889 647 2043 722 ananau

1282 747 1493 838 dGraecis,
1521 747 1591 820 srve
1621 749 1664 822 ab
1690 773 1808 824 eorum
1848 755 1947 824 Duce
1974 749 2050 821 Ni-

1284 869 1358 922 ceta
1389 849 1570 924 Patricio.
1608 849 1758 940 Nescio,
1786 879 1828 926 an
1865 851 1927 924 sub
1953 850 2048 922 sala.

1283 979 1398 1024 nonnae
1426 951 1571 1024 nomine
1606 952 1799 1042 Dalmatia,
1825 977 1932 1050 quam
1965 949 2046 1024 Del·
2130 997 2133 1004 -

1283 1055 1414 1126 marian
1433 1053 1572 1154 antiqui
1593 1053 1747 1154 Lapides
1766 1055 1940 1151 appellare
1959 1079 2046 1126 con·

1284 1155 1491 1246 litaverunt,
1524 1155 1667 1245 veniat,
1695 1181 1738 1227 an
1775 1155 1900 1247 Illyrici
1932 1154 2045 1230 etiam

1286 1280 1359 1338 oars
1379 1249 1595 1356 designetur,
1618 1281 1707 1356 quae
1729 1257 1883 1356 Regibus
1907 1253 2047 1330 Italicis

1281 1359 1456 1458 paruerit.
1499 1361 1608 1432 Anno
1643 1384 1785 1456 quoque
1826 1361 2045 1433 DCCCRX.

435 1459 522 1562 psit:
552 1452 690 1556 Alpinus
725 1466 797 1532 Rex
823 1460 970 1547 -lraliae,
993 1480 1034 1528 nr
1067 1461 1196 1555 quidam
1225 1467 1252 1536 B
1280 1459 1333 1533 uti
1358 1485 1400 1532 ex
1422 1453 1622 1533 Annalibus
1648 1459 1864 1534 Berrinianis
1888 1445 2043 1554 cbnliat,

428 1563 593 1655 scribunt,
627 1561 826 1659 provinciam
864 1560 1069 1631 Veneriam
1104 1562 1191 1634 Nice·

429 1665 531 1762 phora
549 1663 896 1758 Constantinopolitano
917 1663 1121 1758 Ruperateri,
1141 1663 1192 1758 ju·

432 1787 494 1838 nra
516 1767 628 1856 saeuus
654 1763 772 1856 censuir
800 1764 1062 1862 relinquendam.
1098 1767 1193 1838 Tum

428 1861 697 1962 aribs'rncap.
728 1887 766 1940 1.
796 1865 978 1940 Sicardum'
1005 1869 1044 1938 a<
1079 1869 1195 1942 Gode·

433 1967 586 2042 iridum·
609 1961 805 2044 Historicos
844 1963 1035 2066 sequutus,
1075 1995 1193 2068 pacem

436 2070 585 2144 r'efe'tens
609 2073 628 2140 b
653 2073 785 2143 Carolo
810 2073 945 2168 Magno
964 2095 1043 2143 cum
1067 2069 1193 2144 Orien·

432 2171 483 2243 tis
519 2169 792 2266 imperatoribus
828 2169 1074 2263 constitutam,
1111 2173 1193 2246 haec

434 2270 555 2344 addit:
582 2276 645 2342 Per
666 2272 720 2343 hoe
742 2279 906 2348 Decretum
930 2274 1063 2344 Carolus
1083 2293 1194 2371 appear

1278 1561 1513 1652 Caruialeules,
1542 1563 1585 1631 Θ
1611 1563 1787 1634 Carenraui
1821 1561 2042 1636 deditionem

1279 1661 1389 1737 iecere
1416 1665 1568 1735 Baldrieo
1602 1662 1830 1752 Marchioni,
1861 1662 1916 1736 seu
1950 1662 2052 1738 Duci'

1280 1763 1532 1862 Foroiuliensi.
1556 1768 1667 1837 ⁴Duas
1693 1783 1811 1837 tamen
1849 1765 1929 1838 illas
1959 1769 2045 1839 Pro·

1280 1865 1415 1940 vincias
1444 1881 1625 1966 propterca
1659 1865 1697 1938 in
1728 1871 1904 1939 Ducatunt
1933 1859 2046 1942 Foross

1280 1966 1461 2070 juiienlem
1490 1967 1654 2044 coaluiffe
1680 1991 1750 2038 non
1779 1969 1949 2043 arbitror.

1327 2073 1438 2143 Oram
1468 2068 1647 2142 Adriatici
1684 2067 1832 2154 legendo
1858 2095 1902 2144 ex
1930 2073 2047 2146 altem·

1280 2190 1398 2268 parte,
1436 2169 1661 2270 Langobardi
1690 2170 1867 2246 dominati
1895 2172 1974 2270 sunt
2000 2169 2044 2247 u·¹

1279 2271 1361 2372 sque
1383 2273 1425 2344 ad
1453 2273 1538 2344 fines
1558 2272 1776 2346 Exarcbatus
1801 2271 2042 2366 Rauennatis,

416 2377 535 2464 bans,
555 2385 637 2470 qiud
663 2400 730 2446 curn
752 2373 922 2470 Nicepharo
944 2373 1048 2446 allum
1066 2375 1194 2466 fruerer,
1222 2362 1253 2434 C
1278 2372 1345 2447 hoc
1372 2373 1418 2446 est
1445 2372 1550 2472 usque
1577 2374 1619 2447 ad
1646 2376 1819 2470 reliquam
1847 2375 1947 2450 illam
1972 2381 2040 2450 Ita·

433 2501 552 2546 nevam
589 2476 751 2547 Veneriam
781 2479 803 2546 d
822 2475 859 2568 se
883 2477 1073 2550 abdicavit.
1110 2480 1193 2550 Non

433 2601 519 2675 ergo
545 2576 583 2648 in
612 2576 729 2650 Italici
760 2577 870 2676 Regni
900 2578 973 2676 jure
1002 2577 1193 2670 Venetiae,

432 2676 576 2778 ejusque
595 2697 763 2782 cognatae
782 2677 915 2752 insulae
936 2677 1079 2753 relidiae
1095 2679 1192 2753 sunt.

432 2781 556 2876 'Atque
583 2777 810 2853 haecomnia
837 2801 936 2852 extra
960 2779 1194 2854 dubitationis

433 2884 545 2953 aleam
576 2873 681 2974 postca
718 2901 793 2951 tum
823 2879 969 2978 quisque
1004 2879 1194 2972 fatebitur,

431 3001 539 3079 quum
563 2979 916 3080 supramemoratum
941 2983 1108 3076 Diploma
1127 2989 1193 3056 Ot-

431 3084 528 3156 tonis
549 3087 594 3156 11.
612 3088 721 3156 Anno
743 3087 1116 3158 DCCCCLXXXIII.
1137 3084 1193 3158 da·

429 3201 531 3273 turn,
558 3186 592 3256 δε
622 3209 702 3280 cum
733 3184 1017 3281 praecedentibus
1045 3185 1193 3258 omnino

1277 2475 1348 2549 liae
1374 2475 1602 2574 portionem,
1631 2502 1736 2574 quarn
1764 2481 1891 2552 Graeci
1920 2477 2040 2552 adver.

1277 2575 1332 2652 sus
1373 2576 1547 2675 impetum
1594 2577 1883 2677 Langobardicae
1923 2581 2041 2679 gentis

1277 2679 1338 2752 diu
1365 2679 1473 2752 tutari
1496 2678 1631 2752 suntin
1654 2679 1813 2752 Aemilia
1832 2700 1937 2780 atque
1961 2687 2042 2756 Fla.

1278 2778 1410 2854 minia.
1447 2781 1507 2852 Ab
1533 2779 1705 2855 Exarcbis
1732 2797 1871 2872 aurem,
1909 2805 1948 2854 ut
1973 2809 2049 2856 nov

1279 2901 1355 2955 tum
1382 2879 1456 2972 est,
1486 2880 1647 2984 supremo
1674 2887 1890 2956 Graecorum
1919 2883 2047 2985 Magi..

1278 2981 1405 3073 stratu,
1433 3007 1472 3056 ea
1499 2983 1598 3083 regio
1625 3009 1754 3057 nomen
1782 2986 1949 3084 accepit,
1977 2985 2048 3084 qui·

1280 3089 1489 3173 Ravennae,
1517 3085 1554 3158 in
1579 3087 1674 3158 Urbe
1695 3084 1902 3177 fortissima,
1925 3088 2041 3161 seden-

1280 3205 1331 3260 tes
1373 3184 1569 3260 uniuersam
1614 3187 1839 3260 Provinciam
1885 3189 2041 3262 modera-

430 3309 577 3384 conenrs
604 3283 732 3358 iterum
771 3282 954 3356 consulere
986 3283 1067 3358 Illic
1096 3285 1191 3358 enim
1220 3277 1253 3346 D
1279 3287 1424 3376 bantur,
1451 3283 1584 3384 ipbque
1612 3288 1745 3360 Romae
1764 3288 1817 3386 jus
1839 3289 2040 3382 interdum,

428 3385 606 3486 Augustus
646 3385 775 3485 apertis
816 3385 932 3458 verbis
973 3389 1189 3459 Venetorum

429 3489 606 3563 ditionem
633 3485 854 3562 distriminat
881 3487 901 3558 b
932 3486 1045 3586 Regni
1072 3486 1191 3561 italici

430 3593 583 3684 finibus,
603 3591 786 3690 inquiens:
807 3591 855 3661 Hi
867 3590 946 3680 stent
964 3617 1001 3659 ex
1018 3587 1117 3674 nostra
1130 3589 1187 3680 sei.

430 3697 503 3764 lieet
516 3695 608 3783 jure,
624 3693 814 3788 Pupienses,
830 3689 1107 3780 Mediolanenses,
1122 3691 1191 3763 &a

431 3796 476 3865 (θ’
505 3795 608 3865 ananeli
643 3793 675 3861 iu
704 3793 801 3878 nollro
836 3791 948 3862 lralieo
973 3799 1103 3887 Regno.
1140 3796 1194 3862 Ex

419 3880 590 3992 'praedatio
613 3916 687 3966 veru
711 3899 838 3966 Ducnru
864 3891 1011 3964 Veneriae
1027 3892 1107 3985 sune
1128 3893 1190 3962 Ri.

429 3995 598 4087 valdenses
622 3995 739 4092 (nunc
766 3995 912 4092 Rialto)
935 3994 1190 4066 Merhamaucen·

424 4097 498 4190 ses,
517 4096 1038 4194 Clugienses,Capurargelenses,
1055 4095 1190 4168 &aEx
1277 4093 1337 4193 gni
1366 4093 1542 4166 instabiles
1569 4092 1708 4167 fuerunt
1737 4094 1773 4167 in
1803 4093 1897 4168 hisce
1928 4095 2037 4194 parti·

432 4197 487 4269 his
533 4225 648 4286 vero,
685 4224 773 4296 quae
808 4197 1025 4288 attulimus,
1064 4186 1245 4288 vides,E
1278 4199 1338 4268 bus
1366 4193 1451 4268 fines
1479 4196 1572 4268 inter
1595 4195 1844 4295 Langobardos
1867 4199 1902 4269 8<
1930 4202 2040 4272 Grae.

430 4297 610 4398 'quousque
638 4297 699 4371 sub
722 4301 854 4374 Carolo
880 4301 1015 4398 Magno
1039 4299 1189 4398 impera·
1250 4323 1361 4406 scos.
1392 4294 1519 4370 Primis
1547 4297 1831 4395 Langobardicae
1865 4298 2037 4398 irruptio·

429 4418 507 4473 tore
524 4399 730 4499 produbium
747 4398 853 4472 fuerit
869 4400 994 4472 Italiae
1010 4403 1188 4498 Regnum.
1285 4399 1338 4471 nis
1367 4399 1466 4470 annis
1493 4398 1671 4470 Alboinus
1709 4403 1781 4470 Rex
1820 4400 2040 4494 leenrianr,

431 4505 480 4576 Et
498 4501 641 4599 quidem
662 4499 721 4574 diu
745 4504 878 4598 Regum
904 4501 1109 4574 Italicorum
1131 4527 1189 4599 po·

430 4605 531 4677 testas
558 4601 594 4675 in
623 4599 668 4675 iis
702 4601 858 4702 partibus
894 4599 1066 4674 substitit.
1098 4605 1188 4674 Nam

430 4705 470 4779 in
501 4702 712 4796 Paralipom.
741 4701 926 4794 Anonymi
956 4701 1188 4791 salernitani,

432 4811 526 4879 Part.
552 4809 595 4878 li.
620 4807 732 4880 Tomi
759 4807 803 4876 il.
832 4809 958 4875 Rerum
986 4803 1187 4879 italicarum

429 4909 465 4977 8<
487 4907 576 5000 apud
597 4907 787 4980 Batonium
809 4903 849 4978 ad
874 4909 1016 4975 Annum
1042 4907 1187 4978 DCCC·

432 5010 566 5081 Lxxl.
602 5009 806 5081 Ludovicus
843 5011 889 5078 Il.
923 5009 1117 5104 Imperator
1151 5006 1186 5078 in

429 5107 586 5209 Epistola
611 5105 660 5181 'ad
684 5109 851 5185 Rafilium
877 5113 1091 5184 Graecorum
1119 5111 1206 5202 lan,

1277 3390 1310 3460 dc
1332 3385 1474 3484 quidem
1497 3386 1933 3484 impotenter5dicebant.
1950 3395 2040 3464 Sunt

1277 3487 1338 3586 qui
1366 3487 1627 3576 Exarcbatum,
1664 3488 1804 3585 qualem
1832 3515 1952 3561 eorum
1980 3497 2046 3564 de·⁸

1278 3589 1397 3662 fideria
1425 3591 1586 3678 vellent,
1615 3613 1707 3662 nunc
1735 3587 1892 3660 mirabili
1921 3591 2037 3664 facili·

1279 3707 1351 3763 tate
1378 3688 1440 3762 fibi
1478 3689 1653 3790 pingunt.
1690 3691 1768 3786 Ego
1803 3690 1841 3760 in
1877 3709 2050 3764 ueterum·

1279 3789 1408 3864 chartis
1436 3817 1506 3862 non
1534 3789 1809 3890 imaginationes
1837 3815 1952 3883 meas,
1981 3791 2050 3866 sed'·
2085 3865 2091 3878 ,

1277 3891 1463 3965 veritatem
1491 3917 1595 3965 unam
1625 3889 1845 3965 finceriffimc
1882 3891 2039 3988 expisca-

1278 3994 1359 4067 bor.
1398 3991 1515 4088 Ul'que
1552 3993 1593 4066 ad
1622 4012 1778 4088 tempora
1806 3995 1927 4068 Caroli
1958 3998 2039 4068 Ma.

1278 4507 1452 4589 Parmam,
1487 4501 1646 4596 Regium,
1673 4526 1710 4570 aa
1735 4502 1904 4572 Martinam
1930 4506 2040 4577 Grae·

1278 4601 1327 4673 cis
1363 4599 1524 4672 ademiii'e
1561 4601 1710 4672 omnino
1748 4601 1914 4690 viderur.
1951 4603 2038 4704 Ejus

1280 4703 1452 4774 Succcilor
1480 4707 1560 4772 Foro
1585 4702 1693 4774 etiam
1721 4705 1886 4795 Cornelii,
1923 4703 1977 4775 ltu
2007 4709 2040 4778 l.

1278 4805 1359 4872 ruald
1387 4801 1521 4900 potitus
1548 4803 1611 4875 est.
1636 4809 1766 4876 Verum
1791 4809 1896 4875 Anno
1924 4809 2037 4880 DXC.

1284 4905 1475 4976 Mauritius
1502 4907 1692 4982 imperator
1713 4903 1848 4976 loedere
1869 4901 1941 4974 ifto
1957 4931 2040 4979 cum

1280 5004 1512 5082 Childeberto
1540 5009 1748 5078 Francorum
1780 5007 1894 5100 Rege,
1921 5007 1955 5076 &
1977 5031 2038 5079 va.

1280 5133 1352 5181 uua
1379 5107 1609 5206 aspernatione
1636 5105 1673 5177 in
1703 5107 1954 5202 Langobardos
1989 5105 2045 5206 laq*

1869 5205 1984 5317 Aa
