4628 6148
316 469 404 559 ης
593 427 1540 548 ottonuraatoourncrn.

1732 433 1822 540 ot

354 557 568 652 interficeris,
594 559 798 648 donationis,
824 557 870 628 (t
894 557 1019 648 transo-
1046 557 1084 630 A
1113 547 1294 650 produnt,
1330 546 1368 621 itt
1404 546 1629 638 Exatchatu,
1664 544 1701 618 δι
1740 548 1882 618 Ravera

354 657 470 730 &ionis
493 662 548 732 dr·
566 661 735 751 omnihus,
767 658 853 747 ficut
872 659 1018 756 superius

354 761 500 858 legitur,
531 760 602 860 posi
636 761 858 834 roborationem
892 759 1018 850 restium

307 863 522 1038 Iniiliiirii
539 863 792 1040 ciiinhiiotleiidae
826 989 899 1039 non
939 960 1020 1038 sunt

257 1067 379 1146 Notae
404 1063 590 1140 Chronolo
615 1063 690 1141 icae
717 1065 820 1168 hujus
844 1065 1021 1140 Chartae.

256 1165 369 1242 ttette
404 1163 536 1266 fignata
652 1167 788 1240 lndiiio‘o
822 1172 895 1241 XV.
923 1193 1015 1264 quae

258 1267 440 1346 decurrere
481 1265 600 1367 coepit
625 1266 646 1340 b
670 1267 842 1342 Kalendis
865 1274 1024 1369 Septem·

260 1368 354 1460 bris,
382 1368 571 1466 conjuncto
597 1395 678 1442 cum
703 1377 807 1443 Anno
829 1372 933 1468 primo
949 1377 1021 1442 See·

256 1470 362 1568 phuni
382 1473 437 1543 Vl.
457 1476 590 1567 Papae:
615 1491 722 1566 atquc
747 1471 833 1545 haec
859 1471 1022 1546 indicant
1047 1444 1077 1516 B

259 1577 409 1656 Annum
436 1569 570 1646 Christi
596 1574 866 1648 Deccxcvt.
887 1576 1020 1647 Verum

261 1670 356 1772 quod
378 1671 424 1748 cst
442 1672 484 1748 ad
503 1680 643 1748 Annum
660 1679 718 1748 IV.
746 1674 931 1750 Lambcrti
953 1679 1021 1748 Im·

260 1773 459 1876 peratoris,
500 1773 625 1848 censeo
656 1773 909 1850 restituendum
945 1775 1025 1850 heic

265 1884 404 1951 Annon
433 1881 474 1948 V.
498 1874 564 1952 nist
591 1880 781 1952 Ravennae
802 1875 901 1952 aliud
928 1903 1028 1952 exor-

264 1976 365 2052 dium
392 1975 556 2052 habuerit
589 1979 776 2054 Lamberti
803 1976 955 2080 ejusdem
983 1983 1027 2052 E·

268 2076 403 2178 pocho-
439 2081 483 2152 In
514 2078 582 2154 hac
606 2097 724 2154 aurem
751 2078 885 2155 Charta
908 2105 1028 2154 occur·

266 2195 351 2254 tunt
377 2185 524 2251 Decorus
547 2181 777 2271 Fauentino,
803 2186 952 2256 narnus
967 2185 1029 2254 Co·

263 2278 379 2370 nott,
417 2280 462 2350 θ
496 2285 642 2354 Drecotus
673 2281 921 2374 Tronnfaerioe.
962 2287 1023 2357 Fa·

266 2380 390 2454 centia
416 2381 452 2454 bc
478 2383 690 2458 Comaclum
727 2383 886 2481 antiquis
920 2384 1029 2458 etiam
1057 2419 1088 2490 c

263 2481 486 2582 temporibus
512 2484 686 2583 gestavero
711 2483 861 2560 titulum
887 2483 1027 2560 Civita-

262 2583 339 2674 tis,
375 2585 410 2656 ἀ
437 2585 458 2659 l
486 2583 547 2658 suo
582 2584 760 2686 Episcopo
793 2586 1029 2686 regebantur.

265 2685 497 2778 Troncrsarioc
521 2685 616 2760 idem
636 2711 831 2786 numquam
851 2687 1029 2788 contigit3

265 2785 360 2860 nihil
386 2785 485 2862 enim
512 2787 610 2862 aliud
644 2787 737 2879 fuit,
773 2785 838 2862 nih
865 2789 966 2863 Villa
992 2790 1029 2862 in

262 2887 587 3060 tiiirfsslzt‘lll
602 2885 916 3062 llllhl‘ll
937 2889 1026 3064 hl·

265 3088 304 3162 lo
332 3084 443 3160 secius
479 3083 682 3186 insignitam
710 3090 888 3164 cernimus
913 3095 1023 3190 appel·

265 3185 403 3262 latione
422 3193 585 3262 Decorus.
604 3188 924 3265 Animadverfione
943 3217 1024 3290 quo-

266 3315 335 3388 que
368 3286 475 3388 digna
502 3287 608 3381 sunt,
643 3285 733 3387 quae
759 3290 865 3365 habet
889 3297 1030 3390 ingelar-

265 3393 332 3478 do,
369 3413 479 3485 quum
508 3389 721 3486 profitetur,
756 3391 838 3466 lie
864 3421 924 3464 non
954 3395 1029 3490 sop-

262 3492 450 3586 piicandum
475 3491 701 3588 Principibus,
737 3519 835 3591 neque
857 3515 914 3590 prr
938 3502 1032 3592 Apo·

258 3593 424 3679 fiolicam,
450 3594 507 3664 vri
526 3615 584 3688 per
600 3593 869 3686 Ecclcssosticom,
896 3597 951 3666 vri
972 3621 1031 3694 prr

266 3695 436 3788 Regulam·
446 3693 648 3790 potestatem.
676 3695 836 3771 indicare
863 3695 948 3772 haec
974 3699 1026 3772 vi·

266 3791 421 3881 dentur,
463 3794 609 3868 Italicos
646 3795 756 3870 etiam
799 3802 947 3898 Reges,
988 3817 1028 3875 ut

269 3894 340 3992 jam
360 3893 447 3968 alibi
468 3894 614 3986 monui,
640 3894 686 3970 iis
705 3899 925 3998 temporibus
952 3927 1028 3992 pro·

267 3993 416 4068 tendilie
442 3993 691 4070 auctoritatem
728 3997 824 4073 suam
850 3999 891 4074 in
916 4003 1030 4076 Urbes

267 4093 487 4172 Exarchatus
521 4099 758 4174 Ravennatis.
794 4099 860 4174 Sed
894 4099 952 4176 his
977 4102 1028 4177 di·

268 4193 407 4286 milits,
434 4214 648 4272 memoratos
673 4198 754 4274 heic
779 4200 879 4276 vides
905 4205 1029 4276 Morti-
1064 4185 1093 4254 F-

269 4326 345 4370 num
370 4299 546 4388 Gloriosum
579 4306 725 4391 Ducem,
762 4303 966 4402 ingelardus
991 4331 1029 4378 o·

270 4399 337 4472 lim
364 4398 562 4490 Maritum,
597 4419 703 4502 atque
729 4406 923 4501 Gregoriuno
956 4413 1026 4480 Du·

269 4526 334 4572 cem
360 4497 517 4574 socerum
543 4501 666 4594 suum,
700 4529 741 4577 ac
767 4504 909 4581 demum
936 4507 1031 4582 inter

271 4627 356 4692 eos,
383 4598 446 4700 qui
472 4599 626 4678 Chartae
653 4605 900 4699 subscribunt,
925 4615 1030 4682 Noto·

269 4704 333 4774 icen
357 4727 397 4776 ac
423 4707 553 4773 Petram
571 4706 606 4776 ἃ
632 4705 646 4779 i
674 4705 726 4780 ios
752 4713 875 4782 Duces.
902 4707 1030 4788 Iisdem

270 4802 342 4879 fere
362 4803 580 4902 temporibus
599 4733 745 4882 exhibet
764 4807 867 4884 nobis
890 4811 1030 4886 Rubeus

270 4903 311 4980 in
337 4903 494 4980 Historia
521 4909 726 4983 Rauennate
748 4911 965 4986 Romoaldom
991 4911 1031 4988 fi·

271 5005 362 5080 lium
387 5008 497 5103 Sergii
521 5009 642 5102 Ducis,
670 5010 828 5110 aliosque
851 5039 923 5088 non
949 5039 1032 5115 pau·

272 5131 333 5178 cos
375 5126 632 5185 commemorat
671 5110 710 5186 in
745 5111 1030 5215 subsequentium

270 5209 515 5383 SaeculTorumI
540 5211 734 5288 Historia:
783 5241 873 5316 quse
916 5175 1051 5300 omnini

406 5337 465 5384 Om-
512 5364 522 5387 ο

1112 677 1178 726 nac
1217 645 1448 751 potiffintum·
1483 641 1636 726 florullie
1675 671 1748 726 uno
1787 670 1879 743 tem.

1113 775 1198 854 pore
1233 754 1337 825 Duces
1372 751 1594 850 complures.
1632 747 1734 826 Telle
1772 760 1880 837 Peren

1112 851 1314 944 Damiani,
1358 849 1506 927 Sandius
1550 851 1769 928 Romualdus
1806 870 1881 936 Ra.

1111 983 1236 1030 vennae
1261 953 1424 1028 Civitatis
1457 953 1632 1048 oriundos,
1665 982 1704 1028 ex
1729 960 1880 1058 illustris·

1105 1057 1192 1144 sima
1216 1061 1342 1128 Ducum
1369 1053 1441 1148 feeit
1467 1055 1568 1153 liirpr
1597 1060 1808 1157 progenitus.
1844 1069 1880 1142 Is

1113 1177 1231 1234 autem
1257 1173 1361 1232 natus
1387 1160 1498 1231 Anno
1524 1158 1656 1235 Christi
1691 1164 1881 1244 DCCCC·

1116 1263 1234 1334 xvtt.
1261 1276 1302 1336 ut
1334 1257 1489 1333 ostendit
1523 1257 1670 1337 Clariis.
1699 1267 1738 1339 t.
1766 1272 1885 1346 Gran-¹

1114 1362 1193 1438 dius
1218 1361 1258 1435 in
1286 1361 1468 1436 Dissertat.
1505 1363 1769 1444 Camaldulens.
1807 1376 1881 1447 Im.

1116 1490 1175 1538 mo
1226 1489 1270 1536 ex
1319 1481 1634 1539 monumentorum
1683 1471 1897 1550 collatione.

1113 1562 1240 1639 deduci
1266 1564 1360 1664 polie
1386 1563 1551 1656 videtur,
1578 1565 1747 1646 illustrem
1774 1571 1880 1676 huju.

1114 1664 1228 1741 smodi
1272 1665 1441 1742 Titulum
1491 1664 1744 1746 hereditarium
1786 1679 1880 1751 olim

1114 1767 1215 1842 fuiffe
1254 1765 1293 1840 in
1335 1765 1566 1846 Nobiliffima
1605 1773 1771 1874 quapiam
1813 1783 1881 1858 1²2.

1116 1869 1219 1944 milio
1246 1872 1474 1962 Rauennate,
1502 1895 1613 1970 quae,
1641 1873 1696 1948 uti
1722 1903 1767 1950 ex
1794 1879 1882 1960 dua·

1116 1973 1178 2045 bus
1212 1971 1432 2071 pergamenis
1459 1971 1624 2048 Archivi'
1651 1975 1797 2056 Estcnlis
1823 1982 1880 2057 in.

1114 2072 1267 2162 tellexi,
1303 2071 1446 2148 taudem
1473 2072 1604 2150 defecit
1629 2077 1775 2155 circiter
1800 2086 1882 2158 An.

1116 2199 1201 2248 num
1236 2177 1466 2248 Mchxx.
1502 2171 1641 2249 sublato
1668 2185 1688 2252 e
1714 2181 1812 2257 vivis
1838 2186 1882 2256 st·

1115 2275 1631 2460 ltntltltril‘lhfftin
1653 2279 1884 2477 boisili

1117 2477 1232 2552 nobili
1272 2476 1366 2552 Cive
1407 2483 1635 2574 Rauennate,
1670 2485 1706 2556 dr
1746 2491 1885 2560 Taurei.

1117 2581 1147 2648 lo
1192 2581 1295 2652 Patre
1339 2578 1489 2655 celebris
1532 2582 1775 2677 Salinguerrae
1815 2616 1883 2664 no·

1119 2679 1185 2754 bili
1224 2679 1319 2754 Cive
1354 2681 1584 2757 Ferrariensr.
1624 2689 1775 2764 Gratum
1810 2695 1885 2768 Le-

1118 2779 1274 2856 notibus
1320 2778 1477 2860 futurum
1520 2803 1644 2884 puto,
1694 2786 1719 2860 ti
1761 2794 1882 2870 ambas

1118 2881 1269 2963 Chattos
1289 2883 1501 2980 producam,
1526 2886 1659 2986 quippe
1676 2914 1766 2986 quac
1785 2919 1885 2968 com.

1121 2983 1317 3080 plebiantur
1350 2985 1522 3082 quaedam
1548 3013 1621 3060 non
1647 2991 1810 3090 vulgaria
1836 2997 1880 3071 ad

1120 3085 1363 3184 cognitionem
1405 3109 1527 3160 eorum
1569 3105 1806 3190 temporum,
1845 3101 1882 3172 tr

1121 3183 1303 3285 praecipue
1328 3185 1423 3284 quod
1451 3186 1494 3262 de
1521 3187 1645 3284 Villa,
1674 3219 1781 3292 quam
1809 3205 1883 3271 Du·

1062 3263 1090 3329 D
1119 3308 1221 3359 crtum
1256 3290 1459 3386 appellant,
1495 3306 1582 3366 tunc
1618 3292 1664 3368 lis
1699 3293 1792 3372 foret
1827 3300 1884 3375 in·

1122 3409 1174 3462 ter
1213 3387 1335 3463 ambos
1374 3415 1485 3489 nuper
1529 3412 1744 3473 memoratos
1784 3399 1885 3477 here.

1120 3489 1209 3580 des,
1253 3491 1288 3562 dc
1334 3489 1651 3592 Archiepiscopum
1698 3503 1884 3578 Ravenna.

1120 3609 1216 3664 tem.
1252 3593 1479 3690 Quamquam
1512 3597 1684 3672 credibile
1720 3599 1782 3694 sot,
1819 3605 1886 3679 ho.

1121 3691 1174 3766 sce
1212 3699 1316 3766 Duces
1349 3695 1550 3793 antiquitus
1590 3698 1772 3777 aliumsrffe
1806 3706 1888 3780 exi·

1122 3793 1234 3868 mium
1279 3791 1374 3870 hunc
1419 3797 1588 3872 Titulum
1632 3802 1653 3873 l
1699 3801 1884 3904 splendido

1121 3895 1289 3994 quopiam
1334 3897 1581 3998 Magillratu,
1621 3900 1692 3980 five
1733 3905 1754 3980 l
1792 3911 1885 4010 regi.

1121 3995 1216 4071 mine
1250 3994 1427 4072 Civitatis
1467 4003 1682 4096 Ravennae,
1718 4025 1781 4082 aut
1816 4012 1887 4086 ali.

1120 4097 1219 4196 cujus
1244 4097 1390 4174 alterius
1416 4098 1454 4172 in
1482 4101 1684 4179 Exarchatu
1720 4108 1851 4207 politae
1865 4137 1879 4212 ;

1119 4215 1275 4272 attamen
1301 4198 1344 4272 ad
1379 4199 1598 4299 opinandum
1635 4205 1752 4301 feror,
1772 4213 1882 4311 ipsos

1121 4299 1328 4398 procedente
1369 4320 1527 4402 tempore
1566 4303 1650 4382 inde
1688 4309 1882 4414 dejciios,

1121 4400 1319 4500 impertalie
1366 4401 1491 4478 saltem
1533 4408 1656 4484 Tituli
1696 4415 1888 4489 continua·

1122 4519 1197 4576 tum
1234 4501 1428 4596 honorem,
1469 4525 1576 4609 atque
1613 4512 1654 4588 el
1687 4511 1731 4588 de
1769 4514 1886 4590 caussa

1122 4603 1322 4704 impofitam
1372 4633 1494 4684 eorum
1539 4614 1634 4711 Pago
1675 4615 1886 4714 appellatio·

1122 4731 1204 4784 nem
1229 4709 1409 4783 Docolrme
1444 4713 1740 4809 quemadmodum
1776 4717 1885 4790 Coni-

1123 4809 1168 4880 tis
1193 4833 1324 4882 nomen
1354 4809 1444 4884 olim
1482 4813 1691 4889 Reiloribus
1726 4833 1886 4894 tantum.

1124 4909 1230 4983 modo
1256 4909 1432 4986 Civitatis
1459 4913 1611 5016 alicujus
1634 4913 1779 5010 datum,
1814 4925 1885 4996 Ca.

1127 5010 1304 5087 llellorurn
1340 5015 1376 5086 bt
1411 5013 1573 5090 vicorum
1613 5016 1780 5094 Dominis
1821 5023 1887 5098 tri·

1125 5112 1186 5187 bui
1220 5112 1342 5188 ienfim
1385 5115 1527 5215 coepit.
1569 5121 1675 5191 Nunc
1711 5145 1886 5200 memora·

1121 5233 1174 5289 tas
1198 5216 1319 5290 ambas
1353 5213 1505 5292 Chmtas
1539 5215 1673 5294 Leiior
1706 5222 1885 5324 accipiat.

1183 5319 1209 5392 S
1738 5328 1835 5428 Exn,
