4560 6146
245 427 324 535 ”cc
563 409 1468 508 nrssnnrarrornrum
1707 429 1765 512 ee

207 535 324 612 Corolo
349 555 550 630 meruerunt,
590 539 636 610 (9⁶
662 536 807 610 honorati
825 536 906 629 sunt
930 538 974 608 ab
989 537 1035 649 [Α
1056 535 1138 608 liam
1166 535 1330 629 coneeffits
1365 533 1547 610 illudovico
1568 532 1643 630 filio
1671 536 1731 631 suo
1756 546 1828 616 Bas

207 639 296 738 ipso,
323 639 368 712 Ο·
390 645 435 713 ad
452 641 547 733 suam
573 638 691 725 reverfi
708 637 789 731 sunt
810 639 972 736 patriam·
1053 634 1191 731 joariam
1204 662 1220 706 .·
1245 638 1361 710 Catulo
1385 640 1630 738 Aquitaniam.
1813 728 1816 739 ,

204 740 382 842 ·Pippinus
415 769 491 813 vero
516 744 654 813 vivente
681 761 775 837 patre
808 739 974 832 desunllus
1110 744 1220 808 Honor
1243 759 1347 813 cutem
1373 741 1495 836 major,
1522 741 1601 830 idesl
1623 744 1830 840 Imperialic,'

208 843 275 932 esl.
312 844 462 942 Reliquit
478 842 596 936 silium
631 839 847 917 menardum
875 839 973 913 nomi·
1058 839 1206 932 crescebat
1244 841 1358 912 cotidie
1394 843 1571 936 Loebario,
1611 844 1663 915 cui
1701 845 1828 923 inimici

209 971 273 1036 ne,
308 947 360 1018 eui
384 945 522 1018 Carolus
547 943 681 1018 Italiam
705 944 862 1038 concessit,
896 968 974 1040 quoe
1056 941 1196 1012 bomines
1212 939 1375 1026 confilium
1391 945 1567 1035 dedemus,
1591 966 1747 1042 quatenus
1755 955 1827 1042 su-

209 1073 306 1145 quum
339 1042 411 1140 esset
445 1045 583 1142 penurid
616 1045 660 1116 m
678 1044 769 1135 same
803 1065 974 1144 occupata,
1054 1043 1180 1115 ditham
1205 1069 1369 1116 novercam
1397 1045 1491 1135 suam
1512 1047 1654 1143 genitori
1678 1053 1738 1143 suo
1763 1055 1828 1124 tol·

204 1145 314 1244 subito
349 1169 386 1219 ut
421 1147 607 1218 Bernardus
647 1155 798 1243 Regnum
831 1147 973 1243 accepit,
1058 1145 1184 1236 lertm,
1220 1145 1265 1216 θ
1291 1145 1324 1217 in
1352 1148 1485 1219 Italiam
1511 1151 1723 1240 abducerent,
1743 1151 1829 1238 sieut

209 1251 427 1348 dignitatem,
452 1247 679 1346 ubertatemque
705 1249 848 1346 recepit,·
873 1247 976 1335 &stc
1053 1248 1195 1338 seeemnt
1221 1246 1256 1319 in
1281 1248 1430 1320 Ciuitate
1463 1251 1679 1342 Dertonenst,
1714 1255 1759 1324 (Ψ
1793 1257 1830 1329 iu

206 1351 305 1445 suit,
331 1352 408 1422 dum
433 1350 497 1446 ipse
522 1351 694 1446 regnavit.
719 1351 856 1423 Carolus
880 1375 976 1448 quum
1061 1349 1229 1436 euslodiam
1265 1349 1441 1442 miserunt.
1476 1353 1564 1446 ,Quis
1592 1353 1693 1452 potesl
1731 1357 1833 1429 dicere

212 1454 432 1552 quadraginta
456 1450 516 1542 scre
538 1476 638 1523 annos
663 1453 698 1521 in
733 1453 904 1543 Francia,
932 1452 1031 1552 &B
1062 1453 1222 1540 surorm,
1249 1477 1309 1547 quo
1332 1472 1426 1548 pater
1450 1453 1520 1548 ejus
1545 1455 1743 1526 vehementer
1767 1459 1834 1531 ira.

212 1553 374 1654 poslquam
396 1553 528 1625 Italiam
553 1548 706 1650 ingressus
731 1553 799 1644 esl,
836 1555 973 1651 quadra·
1062 1575 1115 1624 tus
1138 1553 1285 1648 agitatur
1304 1551 1402 1644 suit?
1426 1556 1493 1626 sea
1514 1557 1621 1630 omnia
1640 1557 1744 1647 sortia
1769 1567 1833 1632 Lo·

213 1651 828 1856 ll‘slllllfllilzltlls
852 1655 974 1853 lll:
1062 1653 1365 1852 {iiiia'ilil‘s
1387 1675 1498 1849 blf
1525 1659 1667 1852 iili
1680 1665 1834 1860 'celsi

213 1883 273 1930 nus
303 1855 452 1948 dietum,
488 1850 584 1954 atque
616 1878 655 1928 ut
676 1878 735 1954 per
767 1883 836 1929 eum
870 1884 977 1928 nemen
1062 1853 1157 1952 vcffet
1200 1857 1400 1948 Lotbarius,
1440 1861 1524 1955 quod
1565 1862 1684 1932 malum
1726 1862 1834 1960 egisset

207 1963 404 2032 Francorum
430 1962 545 2054 longe,
571 1959 695 2056 lateque
714 1960 910 2056 percrebuit,
928 1958 977 2044 sic
1064 1956 1250 2051 consilium,
1267 1993 1271 2001 ·
1287 1986 1450 2032 nocrctcam
1469 1959 1564 2052 suam
1600 1962 1717 2049 remisit
1738 1965 1836 2061 geni.

207 2060 252 2150 esl
277 2059 446 2158 usquead
471 2060 656 2132 hodiernum
680 2062 788 2134 diem.
826 2061 975 2158 Reliquit
1062 2061 1125 2132 tori
1142 2062 1232 2154 suo,
1266 2062 1310 2132 (Ψ
1336 2061 1387 2131 inl
1413 2062 1634 2156 inflammatus
1657 2085 1765 2138 eontra
1792 2068 1835 2138 il·

201 2163 309 2257 sedem
338 2162 434 2255 serem
460 2162 494 2232 in
521 2162 664 2258 Francia
697 2161 881 2234 Hludroito
896 2162 975 2255 silio
1063 2163 1135 2254 los,
1172 2165 1229 2259 qui
1262 2184 1329 2235 tam
1361 2183 1502 2259 pravum
1541 2164 1705 2250 confilium
1739 2169 1836 2238 dede.

202 2265 286 2360 suo.
326 2263 388 2351 Islc
422 2264 556 2361 incoepit
588 2263 698 2338 vocati
731 2267 905 2361 Imperator
938 2293 976 2336 ece
1064 2284 1167 2355 runt,
1206 2263 1292 2336 alios.
1328 2264 1465 2354 occidit,
1511 2266 1593 2338 alios
1632 2267 1667 2338 in
1702 2269 1838 2340 exilium

207 2371 405 2440 Francorum
426 2392 558 2461 genere.
586 2363 714 2460 Consux
739 2391 815 2438 vero
841 2365 978 2460 ejusdem
1009 2395 1040 2467 C
1064 2366 1109 2438 mi
1122 2386 1174 2439 rt.
1210 2369 1301 2437 Tunc
1325 2367 1473 2462 temporis
1504 2367 1677 2451 Ecclesiam
1702 2372 1834 2440 Medio.

208 2467 391 2542 chrdoviei
417 2469 658 2565 Hermengarda
683 2469 834 2558 nomine,
869 2467 977 2540 inimi·
1065 2466 1223 2558 lanensem
1248 2468 1468 2563 Angelbertus
1499 2469 1764 2565 Arebicptseopus
1788 2473 1838 2542 re.'

209 2572 322 2646 citiam
346 2591 453 2642 contra
471 2572 674 2642 Bemardum
700 2571 980 2666 Langobardorum
1062 2573 1183 2667 gebat.
1226 2571 1357 2642 Volebat
1398 2572 1571 2666 Imperator
1611 2571 1666 2668 (o)
1705 2571 1837 2666 dicere,

208 2679 335 2770 Regem
356 2698 494 2771 gerens,
527 2671 700 2744 mandavit
724 2673 755 2742 ei
779 2670 870 2769 quasi
890 2673 980 2769 pacis
1067 2673 1149 2769 quod
1174 2671 1230 2741 ille
1252 2671 1288 2740 in
1315 2669 1381 2768 ipso
1401 2670 1526 2758 confilio
1546 2669 1678 2767 ficiffet,
1706 2673 1752 2743 (θ’
1776 2675 1839 2746 mi.

83 2821 85 2826 -
207 2773 325 2872 gratid
349 2775 395 2846 ad
423 2772 632 2865 severiter.
666 2773 728 2848 Ille
753 2777 795 2846 ab
822 2772 898 2870 ipsis
924 2802 975 2846 no·
1063 2773 1108 2860 fit
1142 2775 1188 2846 cd
1212 2799 1281 2844 eum
1315 2773 1472 2865 Nobiles,
1508 2773 1565 2870 qui
1597 2800 1668 2845 eum
1702 2773 1737 2845 in
1758 2802 1841 2871 gra.

213 2875 336 2946 bilibus
362 2877 494 2969 Legatis
506 2875 704 2965 sacramento
720 2874 808 2967 fidei
819 2875 977 2976 suscepit,
1070 2876 1150 2948 tiam
1176 2874 1405 2946 immitterent.
1440 2877 1506 2945 sat
1532 2876 1610 2943 dum
1634 2893 1711 2944 ante
1736 2881 1840 2972 Impe-

217 2974 267 3046 (J
285 2973 322 3044 in
339 2976 371 3044 F
372 2973 511 3044 ranciam
529 2974 614 3046 ivit.
633 2981 871 3074 Hermengatda
888 3005 978 3069 more,
1071 2995 1202 3048 retorem
1228 2975 1400 3062 ducerent,
1429 2972 1486 3042 ille
1511 2977 1640 3042 tantiam
1664 2993 1761 3068 eaput
1786 2980 1839 3046 in.

215 3094 257 3148 oct
292 3073 426 3172 potuit,
458 3071 544 3159 sieut
581 3075 789 3168 audivimus,
829 3077 980 3170 nesciente
1069 3075 1228 3162 elimavit,
1256 3073 1300 3142 (Ψ
1324 3074 1423 3144 verba
1435 3070 1632 3164 salutatoria
1656 3074 1768 3144 dixit:
1793 3079 1839 3150 ad

216 3179 440 3274 Imperatore,
482 3177 584 3247 oculos
628 3181 789 3250 Bernardi
830 3179 981 3268 evulsit:
1067 3179 1160 3276 pedes
1186 3173 1289 3246 noluit
1322 3173 1434 3246 venire
1464 3195 1592 3272 propter
1629 3179 1839 3252 reverentiam

213 3277 305 3376 isque
329 3275 395 3376 ipso
419 3277 523 3348 dolore
542 3277 710 3369 dosunlluc
733 3279 795 3372 esi,
818 3281 981 3380 poslquam
1011 3307 1045 3378 1)
1070 3281 1113 3350 (J
1137 3278 1279 3350 bonorem
1312 3274 1547 3362 Ecclesiamm.
1583 3285 1674 3350 Tunc
1699 3284 1841 3378 Impera.

212 3384 356 3478 quinque
373 3400 564 3474 regnaverat
587 3406 708 3474 annos,
734 3383 812 3454 duos
828 3383 891 3476 sub
916 3390 980 3456 Ca·
1068 3378 1253 3454 corniale:
1279 3378 1338 3452 sic
1364 3376 1456 3478 geris
1482 3397 1543 3471 te,
1571 3378 1664 3476 quafi
1692 3380 1840 3455 Seniius

214 3482 309 3572 eolo,
336 3500 400 3552 tres
418 3479 481 3572 sub
507 3479 711 3556 Illudovico.
742 3489 830 3557 Erat
855 3484 982 3582 quidem
1072 3477 1277 3557 Ambrofius
1312 3477 1378 3552 fis.
1419 3481 1682 3576 Arebicpiscopus
1716 3483 1842 3577 respon.

213 3578 444 3658 Hludovicus
462 3586 634 3680 Imperator
650 3585 771 3658 multae
781 3584 980 3683 sapientiae,
1069 3585 1146 3658 dit:
1171 3607 1235 3656 nec
1261 3605 1328 3682 ego
1347 3578 1493 3655 Suniius
1518 3577 1747 3671 Ambrostus,
1773 3607 1839 3655 nec

212 3683 343 3772 confilio
373 3685 541 3782 prudens,
582 3685 778 3777 misericors,
818 3687 864 3758 (9¹
894 3689 983 3784 pacis
1071 3705 1112 3760 tu
1131 3682 1310 3760 Dominus
1334 3685 1449 3757 Dens.
1476 3684 1650 3778 Imperator
1666 3707 1742 3753 vero
1760 3680 1840 3775 sub-

213 3807 342 3862 ornator
366 3807 464 3873 crat,·
488 3787 602 3882 quippe
620 3785 735 3879 subeo
759 3789 983 3888 tranquillitas
1065 3788 1209 3884 junxit:
1235 3783 1286 3860 ite
1312 3783 1355 3858 ad
1382 3781 1579 3884 genitorem
1608 3809 1753 3875 meum,
1780 3811 1842 3860 cu.

212 3912 338 3986 magno
363 3915 401 3959 ex
425 3887 511 3958 omni
531 3909 650 3984 parte.
676 3889 847 3990 Diligebat
872 3891 979 3964 Lelia-
1072 3891 1126 3991 jus
1151 3885 1274 3970 odium
1302 3913 1359 3960 me
1385 3883 1512 3960 lecistis
1539 3883 1690 3960 habere.
1723 3886 1842 3963 Redu.

212 4015 305 4080 eet,
345 3994 526 4079 cantores,
571 3989 615 4060 <9⁵
653 3989 777 4064 crmllos
808 3994 985 4085 servientes
1071 3990 1143 4066 cite
1178 4014 1235 4063 me
1270 3987 1313 4061 ad
1350 3985 1530 4088 pristinam
1565 3985 1743 4087 gentiam.
1779 3990 1844 4061 Ille

212 4097 315 4183 Deo,
340 4091 557 4180 minislrantes
583 4091 761 4178 Ecclefiae.
792 4095 919 4170 Habuit
936 4093 983 4186 fi·
1072 4113 1178 4165 cutem
1211 4091 1285 4162 baec
1318 4089 1453 4162 audiens
1488 4089 1627 4186 perrexit
1662 4089 1696 4160 in
1732 4095 1842 4163 Fran·

214 4195 281 4268 lios
307 4213 398 4285 tres,
435 4189 516 4278 idcsl
541 4193 754 4286 Lotbarium,
791 4196 835 4267 <9⁶
861 4197 985 4268 Hludo-
1020 4194 1154 4287 Eciam
1167 4218 1188 4280 ;
1228 4193 1429 4264 Hludevicus
1467 4193 1640 4287 Imperator
1677 4190 1845 4284 honorifice

211 4297 327 4370 vicum
352 4297 393 4368 de
418 4295 682 4390 Hennengarda,
708 4296 753 4366 (9·
775 4299 926 4368 Carolum
947 4297 987 4370 de
1076 4322 1146 4368 eum
1165 4291 1324 4390 suscepit.
1350 4297 1439 4374 Dum
1462 4295 1485 4364 d
1512 4292 1617 4386 mensa
1642 4312 1770 4392 uterque
1795 4318 1845 4364 re.

201 4397 388 4494 Jordttba,
412 4423 507 4496 quam
530 4393 600 4490 posi
624 4417 750 4468 mortem
775 4403 985 4496 Hermengcr·
1071 4395 1210 4490 ficiendi
1227 4391 1331 4490 causscl
1356 4393 1553 4491 exsurgerent
1561 4419 1578 4464 .·
1603 4397 1776 4492 Imperator
1793 4395 1848 4464 di·

215 4499 287 4574 dae
327 4496 362 4566 in
405 4496 582 4594 coniugium
618 4496 781 4593 suscepit.
827 4500 987 4597 Equidem
1080 4499 1152 4572 eit:
1178 4496 1270 4572 bone
1295 4493 1602 4596 Archiepileope,
1629 4493 1716 4592 quid
1742 4494 1847 4567 debet

213 4592 411 4700 praediflus
428 4600 595 4690 Imperator
619 4599 822 4672 Illudovieus
833 4600 928 4693 soum
940 4601 989 4695 fi·
1080 4599 1192 4674 facete
1219 4598 1328 4674 homo
1352 4595 1394 4670 de
1421 4595 1574 4672 inimico
1601 4591 1686 4669 suo?
1713 4595 1774 4666 Ille
1798 4618 1849 4664 re·

217 4701 308 4778 lium
332 4696 522 4774 Loebasium
539 4699 648 4794 subse
667 4700 821 4798 insedem
838 4705 989 4803 Imperia·
1073 4702 1234 4800 spondit:
1268 4699 1445 4774 Dominus
1481 4696 1577 4771 dixit
1612 4696 1651 4770 in
1686 4699 1849 4794 Evange-

221 4803 290 4878 lem
322 4797 676 4890 consllcuit,.vivcnte
701 4809 743 4902 se
764 4823 879 4902 patre.
920 4811 991 4879 Ha·
1083 4803 1156 4878 lio:
1187 4802 1242 4901 (*)
1269 4799 1413 4902 diligite
1439 4795 1608 4875 inimicos
1636 4785 1848 4886 vcstros,&

222 4905 299 4980 broit
327 4899 502 4978 corbaria
516 4898 633 4993 silium
663 4903 910 4982 Hludovicum
938 4935 993 4980 no·
1084 4901 1279 4981 benefacite
1305 4901 1378 4992 iis,
1404 4898 1467 5000 qui
1495 4925 1559 4973 vos
1584 4894 1758 4970 oderunt.
1784 4901 1851 4970 Im·

73 5085 78 5092 ,
224 5005 338 5097 mirre,
373 5003 425 5078 cui
458 5009 562 5078 Avus
580 5003 662 5103 suros
693 5009 894 5082 illudovicus
924 5013 980 5084 Ita
1079 5029 1207 5108 perator
1230 5006 1347 5078 dixit:
1380 5005 1415 5076 δι
1441 5000 1467 5074 ti
1492 4999 1577 5072 ltaec
1604 5021 1676 5072 non
1703 4997 1849 5074 fecero?

334 5111 423 5178 Tm,
452 5109 481 5179 J,
966 5143 970 5154 .
1185 5111 1216 5182 E
1657 5101 1798 5196 ‹Arcltie-¹

226 5225 279 5305 (ο)
300 5221 489 5308 lotharius,
1068 5195 1137 5308 l(’)
1157 5221 1322 5295 Matthaei
1343 5219 1424 5306 esp.
1448 5236 1477 5307 5.
1498 5217 1578 5294 vetl·
1598 5243 1651 5308 44.
1803 5219 1809 5230 ’
