4628 6148
344 443 424 536 181
656 431 1169 528 DISSERTATIO
1215 431 1524 526 TERTIA·
1764 435 1854 540 tbi

278 569 334 634 ter
352 551 452 632 hasce
477 553 759 632 consuetudines
785 561 805 632 t
833 557 953 636 Lucio
978 561 1047 636 ΙΙΙ.
1076 564 1113 637 Α
1147 577 1206 652 qut
1231 553 1276 625 Φ
1300 555 1448 629 Ceriales
1468 553 1703 654 Presbyterlaan
1721 555 1839 630 hahens
1853 550 1912 649 issi

277 659 521 762 improbatus,
549 659 625 735 veri
651 657 743 734 mibi
772 659 918 736 uidetur
951 659 1046 736 lirni-
1144 675 1201 728 eta
1226 657 1405 728 Canurarii
1429 660 1649 734 maliacem.
1682 656 1774 734 Usus
1801 655 1848 732 est
1872 655 1911 732 bt

279 762 339 853 le,
371 757 471 836 foill'e
505 758 615 836 etiarn
650 783 766 838 annua
800 762 922 857 donc,
958 788 1048 862 quae
1143 783 1233 834 voce
1246 759 1442 856 Presbyterii
1454 761 1647 862 Gregorius
1666 763 1823 862 Magnus
1844 763 1912 837 ra·

280 862 426 940 Senatui
453 867 617 938 Romano
643 861 801 940 conferre
827 867 903 968 ejus
946 869 1048 942 Prae·
1141 887 1207 962 pa,
1245 873 1286 936 ut
1312 859 1403 936 alios
1434 861 1628 963 Scriptores
1666 875 1914 964 praetereant.¹

280 963 470 1044 decessores
488 961 761 1043 consueuerant.
779 971 951 1046 Ceterum
960 970 1047 1065 {Pru
1139 971 1252 1061 Rogas
1275 967 1419 1062 quoque
1444 965 1623 1066 appellata
1650 962 1688 1038 id
1713 991 1826 1065 genus
1845 966 1910 1042 do·

280 1066 414 1166 shyrerii
442 1090 531 1141 voce
555 1061 751 1168 fignificsta
770 1067 872 1148 fuisse
897 1069 1048 1176 ejusmo·
1138 1064 1264 1140 actim
1288 1064 1507 1166 reperimus3
1531 1063 1724 1166 eademque
1751 1093 1824 1143 vox
1844 1093 1909 1144 oc·

279 1169 321 1249 di
346 1165 545 1260 donativa,
579 1183 684 1244 autea
707 1189 925 1252 monuerunt
949 1175 1048 1250 Mur·
1141 1166 1253 1243 currit
1288 1167 1361 1242 oon
1400 1163 1508 1243 semel
1549 1167 1642 1270 apud
1686 1169 1908 1256 Antlltfiunt

282 1268 319 1349 ci
355 1269 478 1348 fratres
517 1266 557 1346 io
596 1268 858 1372 Hierolexico,
896 1277 935 1352 δι
974 1277 1049 1351 Du·
1140 1267 1484 1364 Bibliothecariuur,
1510 1267 1607 1348 idern
1629 1268 1829 1394 fignificuns
1853 1291 1908 1352 ut.

284 1371 443 1477 Congius
469 1369 508 1448 in
533 1371 711 1450 Gloffario
735 1377 883 1473 Latin,
909 1375 968 1454 sed
989 1403 1051 1478 po·
1139 1397 1209 1472 que
1233 1373 1486 1474 Presbyterium.
1511 1377 1562 1450 Et
1585 1401 1631 1452 ex
1657 1373 1735 1478 tplo
1757 1373 1905 1498 quiden

285 1473 458 1553 tillimunr
484 1500 523 1550 ea
549 1473 762 1573 ostendunt,
797 1507 887 1582 quae
921 1479 1046 1557 Cardi·
1079 1499 1107 1570 Β
1142 1472 1320 1550 Anastofio
1357 1475 1512 1569 constat,
1547 1479 1608 1552 vel
1642 1475 1906 1579 antiqurffimos

287 1577 379 1655 nelis
411 1576 584 1654 Batonius
616 1578 659 1654 ad
692 1583 838 1659 Annum
873 1585 1051 1660 MGXCI.
1143 1582 1323 1652 Romanos
1355 1577 1547 1654 Pontifices
1574 1587 1686 1680 Rogas
1706 1581 1823 1674 salim
1847 1581 1909 1657 dc·

285 1707 332 1757 ex
358 1679 480 1756 eodem
506 1680 642 1756 Codice
677 1685 787 1762 Msto
813 1685 943 1764 Cencii
981 1689 1049 1762 Cu·
1143 1679 1228 1756 dille
1263 1682 1394 1772 Clero,
1430 1671 1602 1780 lituuldue
1636 1684 1672 1756 &
1708 1683 1910 1784 Optimati·

287 1781 430 1858 merarii
456 1781 674 1883 depromsit,
711 1785 767 1861 scd
794 1790 814 1862 l
841 1813 952 1890 nuper
977 1786 1050 1864 edi·
1143 1784 1206 1858 bus
1243 1783 1440 1875 Romanis,
1476 1782 1600 1884 casque
1634 1782 1815 1860 interdum
1843 1811 1909 1890 pro

281 1882 334 1960 ⁴tis
360 1881 518 1979 diuersa,
559 1881 754 1986 speblmtiu
788 1890 833 1966 ad
867 1892 980 1970 ritum
1005 1894 1050 1972 E,-
1145 1884 1203 1960 suc
1229 1883 1446 1960 liberalitate
1473 1885 1673 1988 ampliasse.
1809 1933 1813 1942 ·

287 1983 476 2076 leblionis,
503 1986 814 2083 Conlecrutionis,
840 1995 876 2066 dc
895 1997 1053 2070 Corona·
1194 1987 1260 2064 Sed
1287 1986 1428 2088 quondo
1454 2005 1756 2067 commemoratus
1781 1987 1828 2064 est
1852 1989 1915 2083 ja·

287 2086 401 2164 tionis
426 2093 668 2166 Romanorum
695 2090 931 2174 Pontificum.
958 2098 1051 2171 Nutn
1147 2089 1214 2164 blus
1224 2113 1451 2165 nummorum
1462 2087 1500 2164 in
1511 2089 1758 2164 Coronatione
1769 2094 1907 2192 Papae,

286 2190 323 2264 bc
350 2189 380 2266 ii
407 2188 593 2290 pecuniam
614 2191 786 2294 projicere
810 2195 850 2272 in
877 2197 1051 2298 Populum
1143 2191 1338 2278 addendum
1366 2191 1433 2285 est,
1460 2189 1543 2265 aliis
1569 2215 1711 2292 quoque
1737 2192 1913 2292 tempori.

288 2291 532 2393 cogebantur,
568 2319 609 2368 uc
635 2293 777 2396 insuper
806 2315 885 2376 turn
924 2304 1051 2375 Roma·
1144 2296 1207 2370 bus
1233 2295 1271 2369 in
1299 2291 1361 2370 ulu
1397 2291 1500 2370 inille
1536 2297 1700 2368 Romano
1738 2290 1910 2368 Pontifici

285 2417 352 2468 nac
378 2391 552 2471 Ecclesiae
587 2395 868 2494 cardinalibus,
904 2401 940 2476 bt
968 2425 1051 2476 cun·
1081 2423 1113 2496 C
1145 2393 1566 2498 pecuniomeffunderein
1581 2396 1782 2496 Populum,
1799 2418 1910 2494 quum

288 2493 358 2574 &is
383 2494 499 2572 sacrae
524 2497 657 2575 Curiae
691 2499 942 2598 Officiulibus,
977 2519 1055 2576 tum
1144 2497 1280 2573 scilicet
1307 2496 1445 2571 solenni
1473 2521 1572 2571 more
1598 2494 1830 2596 procedebat.
1868 2500 1910 2572 lu

289 2596 400 2673 etiam
426 2597 604 2700 prueieblo
630 2603 766 2697 Urbis,
802 2604 1055 2695 Senatoribus,
1144 2599 1272 2675 Cencii
1293 2598 1491 2674 Camerarii
1512 2597 1647 2674 Codice
1664 2601 1794 2690 Msro,
1820 2601 1912 2702 Cap.

273 2697 441 2802 aliisque
460 2701 591 2820 Populi
611 2707 767 2784 Romani
791 2705 967 2783 Ministris
993 2705 1050 2780 sta·
1145 2703 1236 2798 Quia
1268 2703 1380 2776 debeat
1409 2702 1514 2792 sacere
1548 2701 1708 2773 Dominus
1745 2705 1840 2798 Papa
1876 2701 1913 2772 in

290 2817 328 2876 ta
354 2797 448 2877 dono
473 2805 649 2882 tribuere.
676 2809 775 2886 Audi
802 2810 977 2886 cencium
1002 2809 1054 2908 ip·
1139 2805 1279 2897 secunda
1294 2804 1348 2876 elie
1366 2803 1528 2898 Paschae,
1554 2799 1616 2877 ista
1637 2805 1824 2902 leguntur:
1850 2809 1915 2874 Co·

290 2901 433 2978 lumin
459 2903 545 2976 haec
572 2907 678 2980 verba
707 2911 936 3007 loquentem:
967 2912 1049 3002 Mis.
1146 2907 1318 2978 sanabatur
1343 2905 1378 2974 in
1404 2903 1507 3000 eapite
1527 2907 1690 3000 graduum
1714 2901 1829 2982 Sanbbi
1850 2909 1914 2974 Pe.

286 3001 461 3098 silamem
496 3005 671 3096 celebrata,
707 3012 880 3082 reveniens
910 3013 956 3084 ad
989 3017 1050 3084 Pa.
1147 3005 1213 3076 tri:
1238 3004 1354 3076 deinde
1372 3003 1560 3097 solemniter
1582 3003 1749 3102 equitabat
1773 3003 1819 3076 acl
1844 3009 1912 3076 La·

292 3101 411 3178 latium
446 3121 608 3176 coronatus
632 3129 701 3177 cum
722 3111 904 3206 precessione
930 3112 975 3184 ab
999 3113 1047 3183 ha.
1147 3128 1292 3180 teranum
1312 3127 1373 3203 per
1395 3105 1488 3176 viam
1505 3111 1616 3202 Papae
1641 3103 1799 3202 usquead
1822 3105 1918 3177 viam

291 3228 366 3284 um
398 3227 553 3296 arcuum,
589 3208 869 3304 apraefaaeaiaae
903 3212 1001 3310 Legis
1035 3219 1056 3283 a
1145 3211 1186 3281 de
1209 3207 1392 3297 Calcariis,
1426 3206 1471 3276 Φ
1493 3211 1620 3278 domum
1645 3205 1756 3279 Cencii
1781 3204 1915 3299 Musca·

284 3305 451 3400 Judaeis,
476 3333 514 3380 ac
538 3307 768 3384 thuribulorum
791 3319 815 3386 a
840 3315 972 3388 Clericis
990 3323 1050 3387 Ra·
1088 3343 1119 3412 D
1149 3311 1305 3407 impugna
1331 3304 1476 3406 (subdit
1500 3305 1728 3383 Grimoldus:
1755 3333 1835 3404 quae
1859 3308 1914 3378 hc·

290 3408 424 3498 oanis,
461 3407 507 3478 δ’
534 3406 683 3504 sublibus
704 3415 834 3487 totidem
861 3413 972 3512 (idest
998 3443 1051 3514 pe·
1147 3411 1202 3482 elie
1228 3411 1324 3484 etiam
1350 3408 1394 3498 esl
1419 3410 1583 3482 Familiae
1608 3408 1765 3596 Careiae)
1791 3410 1849 3482 uhi
1873 3405 1918 3496 est

295 3508 446 3610 cuniae)
473 3509 518 3580 θ’
542 3532 637 3585 tanta
662 3517 844 3610 quantitate
864 3516 988 3609 sabbis,
1010 3517 1055 3603 fi·
1128 3513 1332 3600 .clcaca;(9'
1343 3509 1534 3603 transeundo
1550 3531 1627 3582 ante
1641 3511 1735 3583 Eccle
1748 3535 1814 3582 ram
1828 3515 1916 3582 San·

294 3630 348 3686 sut
365 3611 401 3684 in
419 3610 560 3704 secunda
577 3613 677 3691 Paria
690 3617 760 3714 posi
784 3617 926 3711 Pascha.
951 3619 1058 3692 Scien·
1150 3613 1195 3686 bii
1220 3611 1349 3688 Nicolai
1373 3611 1468 3710 usquc
1492 3613 1538 3686 ad
1561 3611 1787 3708 Amygdalam
1805 3609 1820 3706 s
1832 3607 1917 3684 Gri-

294 3711 504 3810 dunrqueesi,
520 3718 809 3812 quodCaralinales
822 3746 946 3813 omues,
961 3727 1059 3795 Grae·
1150 3713 1287 3790 maldus
1312 3711 1485 3788 adnotat:
1521 3713 1568 3787 ibi
1600 3713 1644 3802 efl
1669 3712 1769 3785 habia
1805 3715 1916 3786 Ulmus

294 3815 325 3886 ci
337 3866 351 3903 ,
385 3813 589 3888 Primicerius
613 3845 681 3890 cum
712 3821 830 3894 Schola
858 3829 1058 3914 Cantatum,
1150 3819 1284 3890 Cloacae
1318 3843 1453 3914 magnae
1487 3814 1746 3914 Matthescrum)
1782 3817 1825 3888 ab
1857 3821 1921 3889 Aa

262 3913 500 4006 ,Praesidium
525 3921 709 4010 Senatores,
727 3924 886 4014 subices,
913 3923 959 3994 0·
981 3929 1059 3998 Ad·
1150 3920 1305 4016 mygdala
1328 3922 1373 3992 ael
1396 3915 1551 3994 Sanblum
1576 3919 1786 3992 laurentium
1808 3915 1917 4014 pensi.

298 4013 1058 4116 uocati,Scriniarii‚Praesebiinauales,Scho-
1151 4022 1211 4091 lem
1237 4017 1467 4118 (Grimuldus
1494 4016 1618 4093 addit:
1652 4019 1742 4090 bodie
1775 4018 1914 4090 santiae

297 4117 335 4192 la
369 4118 538 4209 Crucium,
574 4121 618 4192 (9·
651 4123 846 4220 Capeliani,
882 4127 949 4200 tale
981 4134 1058 4201 Pre·
1151 4123 1306 4195 Salvator
1340 4120 1571 4219 Pelenarum).
1608 4119 1693 4194 Hinc
1726 4120 1772 4191 ad
1807 4122 1915 4191 Porri·

298 4221 497 4319 thymium,
525 4220 570 4290 (θ’
594 4222 706 4296 taliter
732 4226 846 4300 datum
874 4229 1060 4326 accipiunt,
1091 4265 1121 4336 Ε
1152 4250 1221 4296 eum
1254 4221 1370 4297 Sanbli
1404 4223 1541 4314 Marri,
1577 4220 1622 4293 Ο·
1645 4221 1801 4320 angulum
1835 4249 1915 4318 qaa-

298 4320 393 4418 quale
418 4320 454 4392 in
487 4320 541 4394 die
573 4323 713 4417 Paschae
739 4327 887 4426 superias
920 4333 1062 4404 nemina.
1151 4346 1222 4398 tuor
1254 4325 1481 4397 Columnarum
1515 4322 1775 4422 (Grinaldusc
1823 4323 1918 4395 hodie

300 4443 371 4493 uem
396 4423 569 4518 reemiunr.
604 4428 799 4502 subdiaconi
810 4449 928 4506 autem
948 4431 1060 4530 stngu·
1153 4427 1328 4501 Macellum
1346 4426 1580 4525 Corvinorum)
1590 4453 1611 4516 ,·
1634 4427 1750 4498 deinde
1763 4447 1822 4524 per
1843 4425 1920 4496 Cli·

301 4521 331 4593 li
348 4520 495 4620 singulas
510 4527 716 4626 Melcquinas
733 4529 986 4630 (nummorum
1005 4559 1063 4635 ge·
1153 4557 1232 4604 vum
1249 4529 1446 4628 Argentarii
1461 4531 1506 4601 ael
1529 4537 1654 4604 Arcum
1671 4530 1712 4602 de
1729 4527 1919 4612 Mirancla,s

302 4623 398 4722 nus)
425 4623 559 4700 bahem.
597 4633 770 4727 Universae
804 4635 900 4708 etiam
934 4637 1064 4709 scholae
1156 4634 1201 4705 o
1225 4633 1300 4705 inde
1324 4633 1370 4706 ael
1394 4633 1524 4706 Turrim
1548 4632 1706 4706 Comitum
1733 4628 1919 4728 (Grimub

301 4726 452 4818 Palatii,
488 4729 605 4803 Clerici
629 4736 772 4808 Romani
792 4759 851 4834 pra
876 4739 1064 4830 thuribula,
1155 4734 1247 4810 dus:
1284 4758 1359 4808 tunc
1382 4734 1424 4807 de
1446 4735 1635 4808 Camelaria
1659 4725 1920 4828 ¹Frajapammunc

293 4827 421 4924 Jualaei
441 4851 500 4928 pra
524 4836 805 4930 repraesentatione
829 4840 952 4938 Legis,
982 4841 1067 4927 slrrc·
1109 4892 1112 4898 ·
1154 4837 1297 4929 hibbam,
1332 4836 1366 4908 in
1393 4861 1457 4934 qua
1480 4835 1669 4911 Alexander
1694 4836 1757 4906 lli.
1779 4829 1816 4926 se
1840 4859 1921 4906 rece.

304 4929 396 5004 blara
416 4939 546 5026 Areas,
572 4938 637 5008 tale
654 4941 889 5036 Presbyterium
910 4941 1065 5040 recipiunt
1151 4939 1231 5039 pit,
1261 4937 1392 5037 sugitur
1418 4940 1529 5036 ingens
1559 4935 1734 5034 periculum
1760 4935 1920 5008 Fridcrici

306 5031 352 5100 (9·
374 5033 505 5127 taliter,
532 5038 672 5132 qualiter
695 5042 795 5114 datur
820 5043 854 5114 in
881 5043 1064 5116 Coronaeis·
1159 5047 1187 5118 l.
1213 5041 1436 5138 imperatoris,
1462 5048 1598 5113 Romam
1623 5037 1777 5124 hostiliter
1803 5037 1924 5135 ingres·

306 5130 402 5246 tribus
419 5135 495 5214 aliis
512 5139 648 5216 Domini
664 5147 802 5244 Papae:
825 5145 972 5225 Familia
993 5146 1092 5248 quc-l
1138 5145 1214 5250 di,
1241 5143 1286 5218 θ’
1308 5143 1382 5218 hinc
1406 5143 1442 5216 in
1462 5141 1577 5216 habitu
1596 5143 1758 5242 peregrini
1775 5139 1925 5336 Οἴη

1226 5247 1274 5326 M
1324 5269 1349 5322 a
1775 5273 1799 5320 a
