4628 6148
454 422 548 534 ,Μ
760 403 1652 535 ANTQWRMEDHAEVI
1879 421 1963 533 184

399 539 559 636 iufugir,
595 555 634 608 ur
658 553 770 613 narrar
795 535 996 609 Romualolus
1021 532 1164 606 Salerni·
1191 531 1229 606 A
1253 529 1342 620 lm,
1379 529 1424 602 θ
1458 525 1507 601 ibi
1533 532 1642 624 recipie
1673 531 1831 609 Pluuiale
1865 538 1910 606 cb*
1943 537 2019 609 Mi.

399 661 498 722 uanus
513 643 552 739 ).
586 639 697 727 Postea
731 639 776 710 aa
808 634 962 710 Sanilum
996 637 1166 708 Nicolaum
1253 651 1360 729 rram3
1389 629 1434 700 (θ’
1457 629 1561 728 postea
1586 635 1706 730 equirat
1724 639 1768 710 Θ·
1782 639 1940 735 procedit.
1968 645 2017 712 Er

400 745 443 818 de
477 739 611 836 Colossen
632 739 893 839 (Grimaldusr
927 764 1008 834 quae
1037 733 1167 834 forcalle
1245 739 1277 826 J
1278 732 1373 806 ueloci
1390 731 1645 818 fibi-occurrunt
1669 763 1735 810 oum
1766 748 1851 838 Lege
1876 741 1921 812 &¹
1945 743 2019 814 lau·

401 845 446 934 est
460 846 522 918 iola
539 845 631 916 bodie
646 842 817 938 profanata
829 837 930 932 juxta
948 835 1163 938 Coloffeum).
1255 835 1375 909 dilus.
1415 840 1465 908 Er
1489 838 1629 908 ueniunt
1652 866 1755 911 omnes
1778 843 1895 916 Clerici
1921 843 2017 916 indu.

399 953 449 1026 Er
474 951 497 1019 a
520 945 638 1020 sanilo
672 941 805 1014 Nicolao
829 943 868 1012 de
902 939 1038 1038 Coloffio
1071 943 1166 1040 usqam
1256 938 1305 1030 ri,
1341 965 1410 1011 cum
1434 939 1589 1012 Crucibus
1615 941 1659 1014 (θ’
1685 944 1820 1015 Venillis
1844 947 1890 1016 (θ’
1913 947 2019 1020 thuri.

400 1051 448 1126 ad
464 1049 618 1120 sanilam
638 1043 786 1121 Mariam
803 1049 844 1116 de
862 1045 1053 1134 Ferrariis;
1077 1047 1166 1121 dein·
1255 1040 1369 1134 bulis,
1403 1070 1472 1115 cum
1496 1043 1590 1142 capsa
1614 1071 1683 1118 cum
1707 1046 1817 1118 rhnre.
1851 1053 1899 1120 Er
1923 1076 2019 1147 quae·

399 1151 440 1227 ie
474 1151 519 1222 ad
552 1151 679 1223 domum
703 1153 735 1240 J
736 1147 871 1222 mannis
905 1155 1016 1244 Papae
1051 1146 1164 1246 (Gai.
1256 1143 1337 1216 liber
1370 1143 1511 1231 Ecclesia
1545 1153 1674 1220 occurrit
1710 1149 1771 1245 ipſs
1803 1155 1912 1246 Papae
1949 1179 2018 1223 cnm

372 1251 558 1328 .maldus:
589 1254 683 1333 ‚sonet¹
703 1259 813 1324 annm
835 1251 905 1352 fuir
931 1251 979 1330 ibi
1003 1251 1098 1348 usque
1120 1255 1167 1324 ari
1258 1245 1435 1332 thuribulo.
1470 1255 1565 1348 Papa
1599 1251 1733 1350 imponit
1760 1251 1916 1344 inmensum
1928 1281 1950 1340 ς
1975 1255 2020 1324 θ

396 1377 534 1452 tempora
562 1355 620 1438 Pii
646 1359 730 1444 IV„
765 1379 859 1450 quam
885 1353 1065 1450 imperitum
1089 1357 1163 1430 vul·
1255 1349 1314 1420 illl
1344 1350 1507 1445 incensam
1538 1359 1699 1451 Papam;
1733 1353 1779 1424 ii?
1812 1360 1861 1426 ira
1890 1353 2021 1454 focium
2125 1373 2132 1383 ’

395 1485 459 1558 gor
483 1462 610 1532 domurn
625 1455 791 1550 Iohannis
808 1455 953 1548 feminae
975 1463 1086 1555 Papae
1108 1485 1165 1530 w·
1199 1453 1228 1524 B
1255 1477 1360 1524 omnes
1385 1453 1567 1540 Ecclesiae.
1594 1459 1694 1530 Haeo
1720 1455 1806 1548 ille,
1835 1455 1912 1530 usui
1931 1461 2020 1532 Eru-

398 1563 520 1652 calar,
547 1563 592 1632 (9¹
616 1579 684 1632 erar
711 1555 813 1652 jorra
847 1557 1018 1644 Ecclestam
1052 1559 1167 1632 Sanili

277 1715 281 1723 -
398 1663 574 1736 Clementis
585 1665 611 1762 )
623 1662 750 1734 Deinde
758 1659 906 1758 usquead
918 1664 1073 1758 angulum
1081 1669 1161 1736 San·

399 1763 448 1838 tle·
462 1763 656 1838 Clementis.
672 1767 722 1836 Er
739 1763 781 1836 ab
799 1763 918 1859 angulo
935 1761 1029 1860 usqcre
1042 1767 1087 1836 ael
1100 1770 1162 1838 Pa·

399 1865 519 1940 larium
544 1865 757 1958 Lateranrnse
772 1864 970 1959 Senesoalcus
994 1867 1040 1938 ari
1063 1866 1165 1938 dimo·

401 1971 544 2042 neudum
568 1969 747 2064 Populum,
763 1965 871 2060 jasius
891 1967 1098 2065 pecuniarum
1113 1969 1165 2059 fa·

399 2070 502 2146 ciebat
528 2073 563 2144 in
590 2070 689 2142 Turri
722 2069 879 2165 Stephani
910 2074 973 2142 Ser
1004 2071 1097 2142 Petri
1132 2071 1167 2142 in

341 2168 343 2174 ’
401 2175 506 2272 capite
530 2171 681 2247 Parionis
716 2168 971 2268 (Grimaldust
1009 2195 1089 2270 quae
1112 2179 1167 2246 do·

399 2301 471 2348 mus
495 2273 676 2372 Stephani,
695 2271 754 2364 fleu
779 2273 871 2346 Petri
895 2293 985 2364 erat,
1012 2275 1068 2346 ubi
1086 2301 1167 2347 nunc

1257 1553 1414 1631 dirorum
1433 1555 1571 1656 posthac
1591 1557 1728 1633 sutura.
1744 1556 1921 1632 Postremo
1942 1577 2020 1634 tan·

1256 1654 1336 1730 dem
1356 1658 1440 1732 loco
1458 1661 1656 1734 Romanam
1671 1663 1930 1759 Imperatorum
1947 1665 2021 1737 Co·

1257 1758 1483 1836 conationem
1509 1760 1686 1838 resumens
1711 1765 1792 1864 ajo,
1811 1761 1910 1836 fnisse
1931 1782 2021 1838 tem·

1256 1887 1370 1960 pora,
1405 1863 1534 1962 quibua
1569 1889 1706 1966 praeter
1739 1869 1922 1942 Coronam
1949 1868 2020 1938 lm·

1255 1964 1449 2060 periclem,
1488 1993 1603 2040 aurem
1635 1995 1778 2069 quoque
1810 1968 1947 2042 ‘cirmlor
1980 1966 2021 2042 in

1255 2065 1500 2142 Coronatione
1529 2093 1626 2142 novo
1663 2070 1875 2169 Imperatori
1902 2067 2021 2145 conse·

1254 2168 1417 2243 rebatur.
1454 2171 1540 2244 Erat
1575 2169 1607 2246 is
1635 2174 1780 2246 Corona
1814 2169 1884 2246 fine
1910 2169 2020 2246 radiir

1257 2285 1317 2344 aut
1344 2269 1458 2361 liliis,
1492 2271 1589 2348 nudo
1623 2271 1759 2348 circulo
1794 2297 1900 2347 aureo
1935 2297 2019 2346 con·

401 2377 544 2464 Eeclrfia
567 2375 707 2449 sorellae
728 2375 887 2448 Caeciliae
909 2375 1024 2448 Turris
1041 2377 1165 2474 campi,
1193 2398 1226 2472 C
1255 2370 1366 2464 stans,
1392 2371 1473 2446 ideo
1500 2373 1673 2468 traditus,
1692 2394 1733 2451 ut
1753 2373 1928 2450 Patricius
1948 2378 2021 2449 Ro·

395 2477 472 2566 five
505 2479 635 2551 Montis
660 2477 833 2568 Jordani,
868 2503 907 2548 eor
940 2478 1172 2551 Caeremonr'ali

404 2581 550 2676 Gregorii
584 2587 627 2654 Χ.
653 2584 787 2676 Papae.
822 2582 860 2652 In
895 2579 1026 2671 Palatio
1061 2581 1171 2654 Cencii

401 2679 696 2778 Muscainpugno
720 2707 759 2752 ere
778 2678 926 2770 fenestris
961 2678 1044 2752 alili
1068 2687 1167 2755 Pala·

404 2783 450 2857 tii
473 2785 519 2858 ari
543 2781 697 2856 sancium
731 2787 903 2871 Marcum,
938 2783 983 2854 θ’
1015 2784 1061 2856 ad
1084 2789 1165 2856 San·

404 2883 491 2956 ilum
524 2883 715 2995 ..larianum
731 2911 756 2972 ;
791 2911 830 2956 en
867 2884 1000 2958 Palatio
1033 2883 1171 2959 Saniiae

402 2987 607 3083 Martinae,
647 2989 846 3060 ocurrelane
876 2993 909 3080 J
909 2986 1006 3060 uriaei
1042 2993 1171 3060 Summe

401 3090 556 3184 Pontifici
595 3116 666 3162 cum
702 3096 818 3185 Lege,
856 3112 932 3162 anre
971 3089 1170 3186 praediblam

401 3193 535 3263 Turrim
558 3192 720 3284 Srepbani
741 3196 803 3263 Ser
823 3192 916 3260 Petri
932 3191 965 3260 in
985 3193 1088 3288 capite
1104 3199 1170 3266 Pa·

402 3291 558 3392 rionis).
591 3294 694 3366 Haec
720 3289 831 3364 etiam
867 3289 1022 3364 Cencius
1048 3291 1176 3374 subne·,
1194 3299 1230 3372 D

404 3390 474 3468 stit
489 3419 497 3462 ε
510 3400 516 3411 ’
528 3400 640 3490 Quum
663 3417 738 3464 uero
752 3391 938 3488 peruenerit
954 3393 999 3464 ad
1015 3391 1170 3466 sorellum

402 3495 618 3589 Adrianum,
652 3495 738 3568 alius
770 3497 812 3566 de
846 3493 1033 3566 Curialibus
1065 3493 1167 3587 ascen·

403 3598 487 3672 dens
508 3599 678 3674 Palatium
709 3595 848 3671 Sanllae
882 3595 1079 3686 Martinae,
1113 3595 1165 3685 sa·

404 3699 447 3776 tit
473 3699 521 3771 ibi
540 3699 668 3793 jailum
700 3703 738 3771 ob
771 3717 973 3770 memoratam
1006 3692 1166 3792 oauffiam,

402 3819 441 3872 ur
467 3797 518 3885 fic
552 3799 757 3891 molnitum,
796 3823 877 3897 quae
916 3798 1170 3896 impedimentum

398 3899 542 4002 praellae
566 3900 705 3975 Domino
728 3908 859 4000 Papae,
886 3899 1040 3972 remoueri
1056 3901 1172 3998 pnffir,

402 4003 548 4079 denariis
581 4002 657 4102 ipsis
691 4004 878 4101 colligendis
911 4002 1098 4078 intendens.
1132 4005 1172 4076 Si

403 4106 566 4181 Dominus
589 4111 683 4204 Papa
707 4107 926 4199 consecratur,
959 4105 1017 4178 vel
1041 4105 1172 4202 eligitur

336 4247 339 4254 ·
405 4229 496 4296 extra
522 4211 658 4298 Urbem,
682 4235 779 4306 qnam
799 4208 926 4280 venerit
944 4215 1103 4298 Romam,
1128 4213 1173 4280 ad

404 4309 574 4406 Capellam
615 4309 754 4384 sannae
787 4309 920 4384 Mariae
952 4311 1173 4406 Magdalenae

400 4413 454 4501 ,aa
484 4413 622 4488 radicem
655 4411 880 4487 Montis-mali
911 4412 1092 4506 descendit,
1125 4411 1172 4486 (o

404 4515 511 4592 iutrar
542 4541 615 4592 cum
646 4513 878 4592 Carolinaliiur
914 4514 1017 4616 ipsam
1055 4513 1171 4613 Capel-

1255 2495 1441 2549 manorum
1468 2472 1741 2576 significaretur.
1768 2473 2020 2576 Locupletiffi·

1256 2601 1353 2650 mum
1373 2576 1496 2650 testem
1515 2579 1683 2656 babemus
1702 2584 1864 2656 Leonem
1882 2578 2021 2654 Ostien-

1255 2675 1326 2750 sem
1357 2676 1442 2753 Lib.
1470 2703 1506 2754 2.
1532 2685 1621 2782 Cap.
1648 2705 1710 2780 79.
1736 2681 1915 2758 Chronici
1950 2683 2021 2756 Ca·

1255 2775 1412 2856 finenfis.
1434 2783 1575 2875 Eiclom,
1593 2784 1668 2875 ait,
1693 2785 1830 2858 Henrr'cn
1856 2781 2020 2882 (scilicet

1256 2880 1350 2954 inter
1386 2884 1561 2983 Augustos
1596 2884 1785 2977 Secundo,
1820 2883 1884 2982 qui
1910 2888 2024 2962 Anno
2157 2938 2165 2954 .

1257 2985 1438 3060 MXLVI.
1465 2989 1601 3060 Romae
1625 2990 1810 3060 Coronam
1836 2983 2022 3088 suscepit)

1255 3087 1452 3160 Patricratur
1473 3089 1616 3162 bonorem
1634 3087 1777 3162 Romani
1795 3087 2022 3182 contribuunt,

1255 3213 1382 3286 eumque
1397 3209 1521 3286 precem
1539 3190 1736 3287 imperialem
1753 3196 1931 3283 Coronam,
1944 3197 2024 3263 Au·

1239 3310 1307 3360 lreo
1332 3290 1458 3362 Circulo
1483 3291 1533 3362 uri
1557 3293 1750 3364 decernunt.
1785 3290 1891 3367 Paria
1916 3290 2024 3368 haber

1259 3391 1301 3464 de
1326 3390 1506 3466 Lothario
1530 3394 1577 3465 11.
1600 3391 1760 3493 Augusto
1784 3395 1910 3470 Petrus
1935 3385 2023 3469 Dia.

1257 3516 1366 3566 conus
1403 3490 1488 3568 Lib.
1528 3517 1566 3588 4.
1605 3497 1695 3594 Cap.
1740 3517 1826 3592 119.
1866 3495 2023 3597 ejusdem

1255 3591 1431 3669 Chronici
1456 3592 1671 3688 caunense,
1696 3597 1733 3670 δι
1757 3597 1919 3673 Acerbus
1937 3601 2022 3674 Mo·

1258 3721 1340 3770 rena
1365 3693 1405 3770 in
1436 3694 1570 3770 Histor.
1596 3696 1770 3774 Laudens.
1795 3698 1839 3776 de
1866 3699 2020 3778 Frid'eri·

1258 3799 1619 3898 c01.1mperatore.
1654 3804 1715 3874 An
1752 3820 1835 3876 ante
1869 3804 2029 3881 Annum·
2076 3808 2078 3816 ’

1258 3897 1446 3976 ichristn
1479 3917 1566 3975 nato
1600 3900 1836 3979 Millesimum
1871 3905 2022 4024 ejusmo-

1258 4002 1295 4077 di
1324 4001 1429 4078 Ritus
1455 4002 1634 4102 viguerit,
1661 4005 1819 4081 nondum
1847 4008 1940 4084 mrhi
1963 4009 2022 4085 de·
2093 4017 2095 4022 ’

1260 4103 1469 4206 prehendere
1495 4105 1627 4180 licuit.
1663 4111 1790 4208 Neque
1826 4111 1927 4207 plura
1962 4110 2021 4185 ad·

1250 4205 1363 4280 dam.
1390 4203 1563 4281 Ordinem
1599 4207 1639 4282 in
1671 4211 1918 4284 coronatione
1952 4215 2021 4286 Re·

1257 4307 1313 4408 gis
1338 4307 1465 4382 Italiae
1489 4306 1665 4384 servatum
1693 4310 1827 4410 jamdiu
1861 4307 1944 4385 dedi
1978 4311 2017 4388 in

1257 4414 1463 4485 Comment.
1487 4413 1528 4483 ae
1552 4417 1674 4484 Corona
1699 4415 1816 4482 Ferrea
1838 4413 1949 4489 Tum.
1968 4417 2017 4496 Π.

1262 4510 1441 4589 Ancedot.
1467 4536 1628 4586 meorum
1654 4508 1738 4608 (*).

1885 5038 1964 5117 DE

449 5255 458 5272 Ι
485 5169 537 5258 (‘)
556 5169 796 5250 Remibileamr
813 5171 946 5258 Lesinr,
969 5193 1050 5264 qnae
1069 5175 1104 5246 in
1123 5177 1212 5257 ealce
1229 5179 1370 5251 column.
1394 5203 1464 5272 143.
1484 5181 1520 5252 δι
1544 5185 1615 5271 158.-
1635 5179 1927 5256 voluminibus
1945 5199 2016 5264 me·

404 5271 530 5326 nmmos
548 5262 588 5329 de
608 5263 790 5345 anecdotis,
809 5259 844 5329 δι
864 5259 906 5330 lic
925 5260 1093 5350 deinceps,
1112 5283 1155 5333 ne
1175 5261 1271 5333 malti
1291 5261 1411 5337 fimus.
