4628 6150
516 455 599 546 559
838 421 1230 548 nnntfflttr.
1270 427 1493 519 MEDH
1527 428 1696 524 ARV!
1919 455 2015 576 ‚5⁶⁰

451 543 541 619 stitus
572 547 782 642 discedentes,
807 575 845 621 ac
878 551 1039 622 redeuntes
1071 551 1115 622 ad
1149 558 1215 623 Ro·
1241 553 1275 628 A
1297 551 1436 648 gloriam
1463 551 1508 622 (9¹
1531 553 1698 648 honorem,
1733 555 1846 656 nosqne
1871 579 1926 656 qur
1954 579 2074 633 certam

451 671 579 724 manem
615 649 786 737 Ecclesiam
820 671 951 722 matrem
985 652 1144 743 nesltam,
1171 652 1214 724 ei·
1296 649 1453 744 fiduciam
1478 657 1674 750 obtinemus,
1700 663 1781 754 quod
1811 661 1893 732 idem
1920 660 2071 734 Manebit

449 757 522 823 dem
546 751 752 827 Moschioni
779 754 818 826 ob
847 755 1056 828 reverentiam
1079 753 1213 852 Apollo·
1300 781 1360 826 etos
1393 758 1432 829 ob
1457 759 1668 832 reverentiam
1702 759 1836 850 nollram
1871 763 2008 836 humane
2032 789 2070 835 ac

450 851 530 927 licae
553 855 649 926 Sedis
675 853 721 924 θ
746 855 881 942 noslrant
909 858 1110 930 adhaereatis
1125 855 1212 950 fide·
1301 857 1435 956 henigne
1456 857 1630 955 tradabit,
1648 861 1844 934 devotionem
1864 865 2001 952 vestram
2023 863 2071 936 0

449 953 547 1048 litet,
574 957 619 1028 0
652 955 818 1028 humiliter
852 955 1030 1034 intendatis
1061 961 1102 1030 de
1135 957 1213 1050 bis,
1327 961 1398 1030 dem
1423 963 1589 1034 debeamus
1614 965 1725 1039 merito
1750 973 1981 1040 commendare.

448 1081 528 1152 qnae
561 1059 607 1131 ad
628 1055 687 1152 snt
720 1057 944 1140 Manthionis
976 1060 1132 1158 pertinere
1159 1087 1211 1130 no·
1353 1067 1477 1136 Datum
1504 1071 1624 1137 Romae
1649 1068 1738 1162 apud
1759 1067 1912 1138 Sanllsem
1936 1075 2066 1142 Petrum

442 1159 595 1252 scontros,
619 1161 765 1258 plenarie
788 1161 1005 1258 respondentes
1030 1161 1151 1254 cidens,
1177 1189 1213 1234 ac
1303 1169 1344 1236 tt.
1372 1165 1542 1238 Kalendae
1560 1171 1593 1258 J
1593 1167 1686 1258 unii,
1720 1167 1934 1264 Pontificatns
1967 1169 2065 1260 ncslri

449 1261 498 1340 ita
512 1260 659 1336 viriliter
682 1263 712 1334 ei
731 1262 891 1349 confilimn
913 1266 959 1336 Θ
979 1263 1137 1338 auxilinm
1154 1263 1212 1335 im·
1300 1271 1403 1340 Anno
1427 1259 1706 1370 septimodecimo.

444 1367 640 1468 pendentes,
665 1371 747 1469 quod
773 1363 841 1454 fin·
864 1393 901 1448 ac
934 1366 1024 1446 nobis
1049 1375 1139 1450 cedat
1167 1365 1213 1443 ad

450 1599 636 1718 Ejusdem
657 1601 880 1694 Innocentii
899 1609 974 1692 III.
997 1601 1297 1722 tapsensem
1319 1603 1369 1692 ad
1390 1605 1582 1722 Populum
1605 1602 1796 1695 Civitatis
1818 1541 2063 1726 Alculante,

557 1747 603 1811 nt
632 1720 935 1812 Aldsovandino
967 1725 1114 1814 Estcnfs
1145 1721 1472 1839 &Antoniusne
1503 1725 1733 1815 Moschioni
1762 1726 1949 1816 obedien·

670 1839 771 1950 sinn
802 1845 988 1962 praestate
1015 1841 1186 1964 amplius
1213 1871 1297 1934 non
1326 1841 1525 1982 recusent,
1553 1852 1677 1934 Anno
1711 1874 1837 1958 1214.

492 2082 687 2154 Nnocentins
720 2082 919 2178 Episcopus,
954 2090 1075 2155 Servus
1096 2084 1258 2176 semro-B
1289 2083 1674 2186 Moschionipraedillo
1688 2085 1878 2161 fidelitatis
1891 2085 2061 2181 juramen.

516 2209 586 2254 rnnt
610 2186 701 2274 Dei,
737 2181 904 2257 Potestati
931 2185 966 2256 &
996 2187 1133 2284 Populo
1158 2189 1204 2258 E·
1289 2207 1327 2260 ta
1349 2185 1493 2258 renititis
1517 2187 1678 2279 exbibete,
1701 2211 1760 2284 per
1789 2191 1941 2260 redeundi
1965 2185 2060 2282 diffi-

442 2285 587 2358 sculstno
606 2285 759 2382 spiritum
784 2283 906 2369 confilii
924 2285 1087 2380 sanioris.
1122 2292 1204 2359 Cum
1290 2289 1440 2362 cnltatent
1464 2286 1646 2380 hujusmodi
1678 2289 1819 2384 amplius
1843 2292 2058 2381 demetentes,

441 2385 497 2478 is,
523 2388 581 2485 qni
607 2385 753 2484 serperbis
786 2385 927 2481 refislit,
964 2391 1009 2458 (9·
1032 2387 1205 2487 confringit
1289 2393 1385 2488 qaino
1408 2389 1623 2462 demerueritis
1655 2389 1751 2461 etiarn
1776 2392 1962 2483 secedendo,
1988 2415 2058 2464 cnm

439 2515 554 2563 cosnna
571 2490 803 2587 peecatoribus,
825 2511 945 2586 ponens
967 2491 1115 2563 terruinos
1135 2518 1202 2564 ma·
1288 2493 1343 2564 hoc
1376 2491 1503 2588 quidem
1532 2489 1720 2587 spontanei,
1748 2492 1834 2562 illud
1866 2512 1972 2564 antem
2001 2491 2059 2563 vi·

440 2592 494 2681 ei,
518 2617 593 2686 qnos
616 2615 677 2662 non
702 2591 867 2682 transeant
883 2591 1008 2686 flnilns
1033 2591 1123 2688 ejus,
1142 2593 1203 2685 fid
1288 2595 1431 2664 deamini
1456 2589 1585 2689 essecrffe
1609 2591 1726 2664 coalli.
1753 2593 1885 2686 Ideoque
1913 2592 2058 2662 Univer-

441 2690 522 2777 illisi
547 2694 722 2764 redundent
747 2694 782 2768 in
807 2693 1062 2780 concnlsationem
1083 2697 1128 2764 (θ’
1149 2697 1199 2766 ln-
1280 2693 1412 2778 sstatem
1424 2693 1561 2781 vestram
1579 2719 1737 2766 monento
1751 2691 1908 2765 attentius
1921 2690 1966 2762 θ
1984 2691 2059 2764 bot·

437 2813 528 2884 tum,
554 2795 675 2891 reprobi
699 2795 826 2866 Ottonis
857 2795 1057 2868 abominatus
1091 2793 1199 2892 ingra·
1288 2817 1416 2889 tamnr,
1438 2817 1497 2893 per
1519 2793 1705 2892 apollinea
1732 2793 1854 2890 scripta
1877 2792 1972 2865 nolis
1988 2791 2055 2885 fir·

437 2895 631 2986 titudinem,
658 2897 703 2967 Ψ
721 2896 903 2992 snperbiam
929 2896 1128 2996 detestatas,
1148 2898 1198 2994 ip·
1287 2897 1380 2970 miter
1409 2897 1629 2996 praecipiendo
1662 2898 1872 2986 mandantes,
1898 2916 2056 2993 qnatenus

428 2994 524 3091 firm,
551 2998 608 3096 qui
640 3025 699 3070 nos
732 2998 823 3091 etism
843 2998 912 3091 snit
944 3020 1086 3074 anesten
1111 2999 1197 3093 afi—
1228 2982 1261 3056 c
1287 3027 1350 3072 non
1383 3000 1569 3077 dubitantes
1601 2999 1703 3072 redire
1734 2991 1781 3073 ad
1813 2996 1907 3072 trians
1935 2999 1978 3070 ab
2002 2996 2056 3068 in·

433 3100 567 3175 delirate
592 3101 633 3173 θ’
657 3102 823 3174 devotione
841 3101 1056 3195 sacrosanllae
1077 3109 1198 3175 Roma·
1286 3103 1364 3191 vio,
1383 3103 1429 3174 0·
1450 3103 1592 3176 conveni
1612 3104 1658 3175 ad
1677 3103 1837 3175 dextetam
1858 3128 1881 3173 a
1896 3097 2052 3190 finillra,

435 3229 495 3274 nae
520 3201 676 3288 Ecclesiae
701 3205 814 3276 marris
846 3204 989 3294 veslrae,
1014 3205 1067 3277 bis
1092 3206 1137 3280 (9¹
1161 3231 1196 3278 a·
1286 3203 1372 3276 dille
1401 3203 1631 3294 Moschioni,
1657 3203 1713 3298 qui
1737 3229 1797 3274 ens
1830 3204 2055 3276 elementares

434 3302 493 3374 liis
526 3305 627 3374 modis
661 3307 794 3378 reddens
828 3305 918 3376 nobis
941 3327 998 3402 pro
1031 3303 1197 3378 dilellione
1287 3305 1421 3400 benigne
1446 3303 1620 3392 trallabit,
1646 3305 1838 3376 Fsdelrtatrs
1866 3321 2054 3394 juramenta

433 3404 563 3498 odium,
599 3403 749 3502 offensam
779 3425 838 3503 pro
867 3406 1000 3502 gratia,
1029 3407 1074 3476 θ
1108 3405 1195 3501 inste·
1281 3403 1447 3502 praestetis
1472 3404 1521 3520 ita
1544 3401 1692 3520 hilariter
1718 3403 1762 3468 (θ’
1786 3403 1943 3516 libenten,
1969 3403 2054 3496 qnod

432 3505 1196 3701 :ttl⁰l⁰t122‚s:“,·r;l:tt;s³'r‘·
1282 3506 1435 3692 lint?
1457 3497 1819 3694 lll0'5''2'3„⁷}‘l,32.”'
1833 3504 2054 3696 iiiiii}

430 3708 577 3781 dicimini
595 3703 803 3801 praellitrffe,
822 3726 984 3801 tamqnam
1007 3705 1121 3775 illicito
1138 3708 1193 3779 ab·
1283 3701 1505 3795 obliviscamur
1539 3701 1695 3799 offensae,
1727 3706 1840 3772 venient
1875 3702 1973 3776 etiarn
2007 3705 2053 3776 ad

423 3807 564 3904 solutis,
590 3801 742 3876 dilellnm
770 3802 884 3898 filium
919 3803 1090 3882 Nobilem
1126 3806 1193 3881 vi·
1283 3805 1506 3880 exhibitionem
1519 3803 1647 3894 favoris
1662 3803 1846 3900 &gratiae
1866 3803 2054 3878 incitemur.

426 3933 508 3986 sum
544 3908 606 3983 Al.
642 3905 912 3981 Anconitanum
947 3907 982 3982 δι
1018 3904 1192 3984 Estensem
1220 3905 1256 3978 D
1334 3912 1458 3981 Daton
1485 3903 1621 3977 Viterbs'i
1645 3906 1708 3977 tn.
1735 3905 1812 3975 llos
1835 3906 2049 3999 Septembris,

428 4007 678 4089 Moschinncm
704 4013 744 4082 de
769 4007 935 4090 Matthia
960 4005 1034 4110 ipss
1061 4011 1192 4099 invelli-
1282 4007 1494 4101 Pontificatos
1522 4005 1618 4094 nostri
1642 4012 1746 4080 Anno
1772 4005 2049 4102 septimodecimo.

428 4113 569 4190 neeimns
587 4111 770 4207 solemnitas
788 4133 847 4210 per
871 4111 1061 4200 Verrinam,-
1083 4113 1194 4188 Mira·
1333 4109 1394 4186 Ad
1429 4106 1591 4184 eumdem
1627 4103 1940 4182 Aldsounndinum
1974 4105 2050 4206 spe·

426 4243 519 4308 rnue,
544 4241 598 4287 nec
613 4211 699 4303 sotis
721 4213 878 4289 admirari
893 4211 1093 4306 sufficimus,
1111 4219 1195 4312 qnod
1281 4211 1356 4287 &ot
1391 4213 1426 4286 &
1467 4208 1674 4310 subsequens
1709 4201 1843 4284 nobilis
1881 4203 2048 4298 Chatta,

425 4345 508 4413 ens,
534 4315 685 4410 nescirsus
709 4339 773 4412 qna
805 4313 896 4386 aneti
916 4313 1112 4410 pendentia,
1137 4319 1194 4388 vel
1282 4339 1388 4410 quam
1429 4315 1449 4388 ἑ
1485 4337 1595 4406 nunes
1635 4306 1841 4385 snentosstit
1875 4305 2047 4384 Historiis

425 4425 550 4496 virtute
587 4413 697 4509 confisi
710 4469 721 4505 ‚
757 4413 912 4505 tonstallo
944 4417 1047 4489 adbnc
1085 4418 1194 4489 bacola
1281 4413 1500 4490 fanensibus
1523 4409 1640 4489 Mstis
1667 4407 1779 4486 hausit
1803 4409 2053 4510 praelaudatus·
2115 4425 2120 4438 '

425 4525 620 4624 innitentes,
647 4517 748 4592 redire
772 4517 912 4613 differtis
935 4521 981 4590 ad
1004 4517 1191 4592 dominatio·
1279 4519 1394 4596 Lucus
1421 4513 1605 4596 Antonius
1630 4511 1814 4590 Gentilit.

340 4647 345 4654 ’
421 4653 498 4706 nens
526 4621 624 4725 iqfins
653 4617 810 4734 Ecclefiae
843 4618 956 4693 matris
988 4617 1132 4711 veslrae,
1156 4615 1209 4723 acl
