4602 6136
315 489 368 583 1⁷
449 569 453 581 .
603 415 1161 554 urtsonrnrro
1221 449 1510 548 enimn.-
1747 393 1800 546 ao
1856 572 1862 588 .

250 588 312 680 'quo
345 577 513 656 conuenit.
550 586 641 656 Pena
679 581 805 678 quidem
844 580 929 651 inter
963 607 1019 652 nos
1036 579 1070 651 A
1090 575 1168 668 tio,
1186 575 1253 651 hoe
1276 577 1323 652 eii
1345 603 1417 652 non
1437 578 1456 649 ὲ
1478 569 1705 666 Nativitoie‚
1735 571 1792 657 sed
1816 573 1860 652 ab

249 683 432 781 posuimus,
460 685 504 756 (t
530 683 581 771 fic
614 682 849 778 obligavimus,
875 685 960 778 quod
985 682 1021 768 st
1092 677 1337 752 incarnatione
1360 677 1514 769 christi,
1539 673 1725 751 exordium
1758 675 1859 750 suum

253 785 327 882 quis
350 811 432 858 unus
466 789 506 858 da
532 783 724 880 nosmetipsts
758 806 816 857 aut
840 780 1016 878 sacaefforer
1090 780 1252 854 duceret.
1276 782 1383 853 Certe
1404 781 1445 852 ad
1467 783 1615 854 Annum
1641 781 1859 853 Muxttffl.
1953 857 1957 864 ,

252 887 337 978 mei,
363 887 421 985 qui
446 886 545 986 supro
574 886 701 986 Ingoni
728 883 944 984 Episcopus,
961 887 1018 956 vei
1091 881 1225 957 Charta
1252 879 1338 956 haec
1366 879 1517 979 spetiano
1544 881 1707 957 videtur.
1731 884 1858 978 Quum

244 985 336 1080 filiis
369 1015 408 1061 ac
446 987 637 1084 nepotibus,
673 985 717 1058 (9¹
740 985 818 1079 filii
856 1015 893 1059 aa
927 1007 1018 1082 nepte
1093 1011 1178 1058 vero
1201 981 1280 1082 heic
1307 1007 1385 1056 mos
1410 1001 1571 1056 occurret
1596 1001 1696 1058 tanto
1724 982 1859 1058 donan-

252 1115 340 1180 mee,
366 1089 423 1186 qui
448 1087 552 1184 supra
586 1086 794 1162 Boneiaeius
828 1087 1017 1179 Marchio,
1094 1085 1153 1176 di,
1181 1103 1220 1158 ut
1247 1083 1469 1158 tantumdem
1497 1101 1558 1156 aut
1585 1085 1662 1182 plue
1687 1083 1859 1185 recipere-

252 1192 393 1288 qualiter
410 1188 558 1286 superius
582 1191 700 1286 iegitur
722 1189 760 1282 se
783 1192 824 1262 de
848 1218 885 1262 ac
910 1216 1016 1262 conue-
1093 1206 1151 1260 tur
1177 1186 1289 1260 titulo
1313 1183 1426 1258 solum
1454 1211 1494 1258 ac
1518 1209 1624 1259 onere
1650 1186 1859 1284 Emphireu·

253 1290 377 1367 nienrie
415 1291 556 1388 precario
597 1315 751 1363 remouere
793 1291 1019 1389 questorimus,
1094 1288 1157 1381 fis,
1177 1286 1246 1362 erit
1266 1285 1308 1362 de
1327 1284 1500 1388 ejusmodi
1522 1283 1774 1360 consuetudine
1792 1286 1861 1362 ser·

255 1392 301 1464 ti*
324 1415 386 1462 non
407 1390 665 1488 permanserimus
687 1393 721 1465 in
747 1420 806 1486 eu,
826 1393 870 1466 (9¹
892 1394 1018 1484 mania,
1094 1390 1213 1465 moin
1238 1387 1492 1462 Differtatione
1512 1384 1709 1489 Trigesrmu
1729 1390 1859 1478 Serta,

254 1493 395 1590 qualiter
411 1491 559 1589 superius
583 1493 723 1590 legitur,
750 1515 826 1568 tunc
860 1517 1017 1594 compona-
1040 1507 1069 1581 Β
1093 1492 1154 1566 ubi
1197 1493 1240 1566 de
1275 1492 1432 1563 Preeariis
1472 1516 1601 1590 agam,
1637 1513 1787 1590 quarum
1821 1489 1858 1563 δι

254 1619 326 1664 mur
345 1612 422 1690 pars
444 1592 557 1686 parti,
581 1595 638 1691 qui
654 1593 761 1687 fidem
786 1623 848 1669 non
865 1597 1016 1692 servave-
1076 1591 1173 1669 'heic
1199 1591 1368 1666 habemus
1394 1595 1619 1689 exemplum.
1718 1585 1721 1592 ’

253 1695 299 1766 rit
320 1697 366 1764 ad
383 1714 507 1790 partem
521 1693 626 1786 fidem
644 1697 804 1789 seruandi
823 1720 908 1795 praa
930 1727 1018 1771 num·
1144 1699 1255 1770 Anno
1280 1692 1413 1769 Christi
1447 1696 1720 1768 DCCLXXIV.
1748 1690 1858 1768 finem

187 1845 192 1854 ‚
253 1819 371 1868 morum
393 1817 560 1892 argentum
585 1799 745 1871 Denaeias
767 1803 860 1872 bonos
882 1807 1015 1896 Pupien·
1093 1797 1229 1894 aceepit
1248 1794 1537 1896 Langobardicne
1555 1793 1673 1892 gentis
1692 1799 1860 1896 Regnum·

246 1893 294 1982 fis
330 1895 449 1967 Libras
481 1899 590 1972 mile.
618 1903 667 1971 Et
700 1902 770 1996 post
800 1923 886 1996 pena
913 1901 1020 1995 soluta
1093 1898 1131 1973 in
1167 1897 1296 1987 Italia,
1320 1895 1465 1971 deviuo
1503 1893 1702 1986 Desiderio,
1731 1895 1859 1992 postre-

250 2023 284 2066 ac
308 1993 435 2088 infieeoe
458 2001 492 2068 in
512 1999 574 2090 sua
599 2021 727 2072 maeror
743 2000 923 2094 firmitate,
943 2002 1021 2099 quia
1093 2027 1153 2075 mo
1176 2026 1297 2073 eorum
1325 2000 1459 2098 Regei
1483 1999 1620 2071 Coroio
1640 1999 1777 2096 Magno
1801 1995 1860 2070 in-
1915 2073 1918 2080 ,

244 2097 295 2184 fic
320 2098 405 2169 inter
431 2125 486 2170 nos
507 2099 600 2187 stetit
633 2103 736 2198 adque
770 2125 919 2184 conuenit
952 2130 1020 2175 eum
1093 2099 1286 2176 vietiffimo
1316 2104 1412 2198 Rege
1447 2103 1682 2172 Francorum.
1712 2099 1856 2191 Franci,

243 2197 455 2294 stipulatione
466 2201 624 2292 subnixa.
650 2208 740 2276 Unde
756 2207 818 2276 due
836 2213 933 2278 Certe
946 2225 1017 2304 pre·
1092 2223 1132 2277 ut
1167 2229 1272 2276 nemo
1308 2200 1440 2292 nescit,
1479 2202 1633 2301 Populus
1668 2199 1858 2274 Germani·

252 2299 589 2395 aarieffifflrfioaem
604 2331 666 2376 uno
681 2299 786 2378 tenore
792 2306 911 2404 scripte
919 2305 1017 2400 sunt.
1048 2389 1051 2396 Δ
1092 2332 1174 2395 cus,
1201 2307 1235 2377 &
1273 2299 1335 2398 ipsi
1372 2299 1533 2376 fuerunt:
1566 2325 1672 2399 quare
1708 2298 1856 2376 sublatis

303 2400 431 2473 moun
459 2405 493 2475 in
519 2411 652 2499 Castro,
678 2408 735 2506 qui
758 2409 877 2481 dieitur
902 2407 1019 2482 Insula
1040 2419 1073 2492 C
1093 2406 1247 2507 Regibus
1271 2402 1514 2504 Langobardis
1537 2402 1642 2477 nobis
1664 2405 1683 2476 ὲ
1707 2405 1857 2476 Germe·

252 2500 403 2588 Cenise,
431 2506 583 2588 feliciter.
1093 2509 1151 2582 nia
1171 2508 1285 2598 datis,
1306 2509 1415 2580 altera
1435 2531 1518 2607 gens
1538 2531 1581 2578 ex
1602 2503 1678 2603 ipso
1697 2507 1860 2603 Septem·¹

291 2605 610 2682 BONEFACIUS
638 2613 884 2688 MARCHIO
911 2615 980 2688 ET
1091 2611 1209 2686 trione
1235 2609 1411 2710 originem
1438 2608 1568 2682 ducens
1594 2603 1857 2696 Italiom‚s1ve

533 2713 638 2783 Dux
667 2716 741 2786 381.
1093 2733 1133 2787 ut
1151 2712 1280 2786 restius
1301 2715 1447 2809 loquar,
1464 2707 1753 2810 Langobardicae
1771 2731 1857 2810 gen·

303 2811 431 2882 Manus
459 2811 632 2909 subscripto
667 2813 854 2906 Richilde,
888 2842 949 2913 que
982 2843 1021 2889 re
1093 2813 1139 2888 tis
1174 2813 1350 2890 ditionem
1386 2812 1572 2912 regendam
1602 2809 1772 2911 suscepit.
1808 2814 1859 2884 E·

248 2911 395 3008 precaria
431 2913 475 2980 Gt
509 2913 681 3004 offerfionis
706 2914 787 3004 fieri
821 2918 956 3012 rogaui,
982 2919 1017 2990 &
1094 2915 1204 3016 poche
1245 2913 1331 2987 novi
1372 2913 1476 3013 hujus
1512 2911 1625 3012 Regni
1661 2915 1681 2984 ir
1718 2913 1857 2985 CoroIo

253 3006 330 3108 ipse
367 3008 576 3088 Boncfacius
611 3013 776 3090 Marchio
801 3021 858 3088 uir
884 3019 1019 3110 sunsei
1094 3015 1274 3092 constituti
1301 3019 1399 3087 certo
1424 3013 1560 3090 eruitur
1585 3038 1629 3086 ex
1657 3010 1782 3112 primia
1810 3011 1859 3088 ii·

254 3109 422 3203 censendo,
449 3133 485 3182 ut
503 3113 626 3210 supro.
1095 3119 1169 3192 neis
1195 3111 1441 3190 vetussiffimae
1469 3112 1645 3205 Chartae,
1673 3139 1779 3213 quarn
1805 3116 1860 3188 le·

306 3211 428 3308 Opizo
455 3213 638 3313 itrblaripsi.
1093 3221 1128 3306 oi
1155 3219 1193 3293 in
1219 3217 1383 3291 Archino
1405 3213 1691 3316 Archiepiscopii
1716 3220 1858 3290 Lucen-

304 3311 552 3413 Moginfredus
572 3318 745 3417 subscripfi
766 3349 864 3394 mnnu
888 3323 1017 3411 neojiris.
1042 3333 1077 3402 D
1094 3321 1155 3412 fis,
1182 3319 1250 3394 hoc
1276 3318 1386 3404 estin
1416 3316 1629 3418 ampliffimo
1656 3317 1858 3392 Tabulnrio

252 3413 417 3512 Opezoni
450 3419 598 3514 propium
623 3423 723 3493 eidem
750 3423 939 3516 Richilde,
963 3425 1021 3523 qui
1094 3421 1308 3498 venerandae
1348 3419 1602 3519 antiquitatis,
1643 3417 1701 3494 eui
1737 3445 1856 3520 parem

250 3541 324 3588 eam
347 3516 564 3614 interogavit,
590 3541 627 3591 ut
648 3522 766 3620 supra.
1093 3525 1132 3600 in
1159 3523 1263 3598 Italia
1288 3522 1438 3596 difficite
1464 3521 1647 3596 invenias.
1675 3524 1775 3595 Haec
1802 3518 1858 3596 ibi

303 3618 442 3714 Signum
460 3621 605 3694 manibus
623 3624 783 3716 Attoni,
800 3627 846 3696 tt
862 3625 1016 3719 Adnmi,
1093 3630 1279 3728 leguntur:
1311 3633 1480 3720 Regnante
1504 3624 1640 3695 Dmoino
1667 3621 1766 3708 nolito
1791 3629 1860 3693 Cu·

244 3717 306 3812 [eu
332 3720 407 3790 item
433 3721 587 3813 Attoni,
616 3731 733 3822 legem
758 3728 907 3800 viventis
930 3735 1013 3801 Lon·
1094 3731 1163 3800 rulo
1183 3737 1259 3801 Rex
1281 3733 1474 3800 Francorum
1492 3725 1860 3822 etlangobardorum,

246 3821 478 3916 gobordotum,
504 3824 623 3920 rogatio
648 3827 755 3915 testes.
1093 3857 1151 3926 quo
1176 3831 1260 3928 repit
1292 3825 1578 3926 Langobardimm',
1613 3832 1718 3899 Anno
1748 3823 1862 3922 Regni

262 3949 266 3958 ·
304 3920 441 4017 Signum
475 3925 620 3998 manibus
648 3927 804 4021 Adami,
828 3930 906 4017 sive
937 3934 1010 4005 An·
1093 3931 1161 4016 rius
1187 3933 1330 4007 intrante
1346 3931 1459 4024 tertio,
1486 3927 1595 4001 oiinbo
1611 3929 1780 4002 Kalendas
1789 3931 1862 4018 su·

248 4019 352 4112 radi,
379 4030 492 4120 Legem
525 4027 674 4101 viventes
699 4040 870 4127 Romano,
897 4035 1016 4131 rogetis
1093 4034 1177 4125 iias,
1205 4033 1382 4107 indiiiione
1403 4005 1664 4130 qumiadeeima:
1686 4031 1776 4128 quae
1795 4053 1862 4100 no·

247 4125 368 4213 ”flffi
974 4167 979 4181 ⁶
1094 4153 1152 4208 tae
1175 4137 1323 4211 Annum
1344 4136 1615 4207 DCCLXXVI.
1643 4129 1864 4204 nobisindi·

303 4228 346 4297 In
373 4250 580 4328 pergemenr
603 4233 637 4304 le
661 4233 734 4309 itur
756 4235 848 4312 iaiio
873 4236 1011 4335 iiipuin·
1039 4264 1067 4332 E
1093 4256 1198 4328 cont,
1222 4235 1394 4332 simulque
1417 4232 1591 4333 produnt,
1611 4231 1756 4306 assumta
1775 4229 1863 4306 iuis·

246 4324 310 4401 tio
342 4326 445 4426 huius
486 4257 701 4408 contentius
736 4340 846 4411 Anno
882 4337 1015 4415 chriti
1093 4337 1168 4412 ie'o
1188 4334 1432 4438 gioriofiffimo
1453 4339 1547 4434 Rege
1570 4333 1637 4408 ilio
1656 4334 1865 4434 Langobar·

246 4429 466 4506 Mxxxtv.
482 4435 539 4506 Ae
555 4437 845 4512 concurrentibus
860 4439 898 4512 in
918 4465 1010 4538 prae·
1093 4439 1164 4515 diei
1186 4440 1300 4542 Regni
1325 4435 1473 4538 insignio
1492 4435 1637 4510 circiter
1657 4435 1752 4511 diem
1778 4438 1861 4506 XV.

248 4527 433 4645 cefientem
472 4537 618 4621 Annum
660 4540 876 4614 Mxtxm.
917 4540 1010 4616 Indi·
1094 4559 1154 4616 not
1181 4547 1259 4617 XX.
1285 4539 1412 4634 Junii,
1446 4541 1559 4612 Anno
1584 4536 1859 4614 Dccuxxrv.

246 4629 375 4704 &irone
393 4633 420 4704 1.
439 4633 473 4706 ἃ
493 4637 601 4712 Anno
622 4641 1010 4733 vt1.c0nradi‚con.
1094 4643 1157 4716 Sed
1183 4647 1218 4717 ἀ
1246 4643 1343 4719 oiiud
1370 4639 1503 4743 infigne
1536 4639 1642 4715 decor
1669 4634 1786 4738 paneis
1812 4633 1860 4709 ab

245 4727 470 4808 fidernndum
495 4735 574 4811 aliie
599 4740 787 4841 relinquo,
810 4769 854 4816 on
878 4771 1026 4838 errave-p
1092 4743 1196 4820 iiline
1223 4747 1325 4821 annis
1352 4744 1442 4844 Regi
1469 4743 1603 4818 Corolo
1629 4731 1787 4812 eeceffit':
1817 4733 1857 4812 in

245 4831 320 4918 rit,
340 4832 403 4932 qui
424 4835 515 4911 olim
540 4863 584 4911 en
603 4841 1011 4944 archetypodescripfit,
1091 4873 1134 4922 eo
1159 4846 1336 4949 quippei
1364 4851 1486 4922 Leone
1522 4846 1588 4915 m.
1617 4843 1736 4930 Pone,
1772 4837 1858 4914 &i

246 4931 363 5034 pofito
375 4938 485 5012 Anno
497 4941 711 5017 MXXXIV.
723 4973 785 5045 pro
797 4950 1012 5022 Mutum.
1093 4953 1233 5047 Populo
1267 4955 1456 5039 Romano,
1490 4942 1618 5044 quibus
1653 4937 1722 5038 jorn
1759 4937 1861 5037 into-

247 5059 295 5107 on
323 5035 443 5134 potiore
478 5038 520 5114 in
544 5041 656 5134 insuia
688 5048 820 5139 ernist,
847 5049 908 5122 ubi
937 5053 1010 5124 No·
1089 5053 1232 5127 letando
1258 5052 1446 5126 videbatur
1479 5051 1694 5119 Graecorum
1730 5043 1862 5142 Augu·

242 5133 583 5323 fflfflffipbnt,
606 5147 739 5222 Aonur
770 5148 888 5226 menie
911 5153 1010 5229 Mar·
1086 5153 1218 5332 Rorgm
1253 5148 1479 5242 dominatio,
1511 5163 1704 5222 renovatur
1727 5140 1777 5319 ep
1807 5141 1862 5242 ri,

1105 5275 1108 5288 '
1705 5265 1746 5322 iu
1762 5269 1806 5324 US
