4626 6152
316 393 400 480 509

606 351 1161 450 urssnnTATro
1218 354 1515 453 snum:

1721 385 1826 472 ,ςιο

162 571 165 576 ¹
256 483 346 558 alter
379 486 420 557 in
457 480 553 557 Seria
588 483 730 556 Ducum
757 480 909 556 Tusciae
946 505 1022 580 pag.
1050 475 1130 548 Al
1165 473 1308 551 Christo
1343 496 1429 555 nato
1465 475 1699 554 Millelimum
1726 475 1884 559 donabad

253 589 340 680 [204.
369 582 548 676 scribunt,
575 585 744 658 Maribam
771 585 923 656 Etruriae
947 587 1017 654 An·

256 712 303 758 no
321 689 427 758 Mlll.
449 685 578 758 reblam
596 685 693 760 fuisse
710 689 730 765 l
745 685 911 774 Bonifatio
926 688 1017 756 Mar·

256 791 364 858 ebione
381 787 517 860 Albani
531 785 630 878 filio,
656 791 789 888 Legem
817 785 1022 859 Ribuariam

257 887 470 990 profitente,
498 914 601 986 quem
632 915 742 986 nuper
771 914 1021 962 commemora·

256 991 320 1080 vi,
356 992 391 1064 δι
429 987 501 1086 poll
529 993 674 1062 Annum
702 993 810 1064 Mlll.
847 989 1023 1088 usquead

258 1093 369 1166 Mxl.
406 1091 450 1164 ab
484 1093 668 1164 Adalberte
696 1093 884 1164 Manebiune
918 1093 1026 1163 Obetti

251 1193 355 1286 filio,
392 1193 436 1263 Θ
460 1193 640 1265 Adalberti
666 1194 865 1266 Marabiouis
892 1212 1024 1289 nepote,

259 1293 391 1368 idestl
425 1293 588 1390 Principe
623 1295 666 1366 ad
704 1293 891 1370 Esteusrum
927 1299 1018 1368 Mar-

1111 597 1168 652 tur
1193 605 1238 653 ex
1261 585 1521 682 Imperatorum
1548 577 1629 654 stre
1639 585 1776 680 Regum
1799 602 1885 652 con·

1110 676 1286 772 ceffione‚
1316 681 1473 780 quandiu
1509 683 1603 755 inter
1643 681 1748 755 vivos
1785 701 1884 769 erat,

1111 807 1150 854 ea
1177 781 1386 882 dignitate,
1412 781 1616 884 juribusque
1647 779 1706 855 illi
1736 781 1882 855 adnexis

1113 881 1293 958 fruebatur
1302 909 1316 984 3
1342 912 1459 986 neque
1479 884 1688 974 excidebat,
1712 881 1776 956 nili
1799 908 1884 954 con.

1113 1001 1165 1058 tra
1181 1032 1183 1040 π
1202 981 1308 1060 iidem
1337 986 1498 1086 Principi
1537 985 1699 1085 supremo
1724 983 1882 1058 debitam

1113 1105 1252 1186 ageret,
1278 1088 1417 1186 aliaque
1441 1087 1614 1190 ejusmodi
1642 1083 1799 1160 facinora
1826 1110 1882 1156 ea·

1113 1187 1299 1288 lligatione
1315 1191 1415 1289 gravi
1429 1191 1536 1291 digna
1549 1188 1757 1263 moliretur.
1773 1183 1883 1279 Quod

1115 1295 1364 1367 tautummodo
1398 1292 1574 1367 indicium
1602 1287 1748 1387 aliquod
1785 1313 1884 1384 prae·

262 1393 431 1468 chionum
448 1396 638 1490 Familiam
655 1394 853 1495 speblante,
874 1395 928 1471 uti
950 1399 1026 1469 Par.
1054 1383 1084 1454 Β
1115 1392 1194 1466 bere
1229 1391 1357 1492 poffit,
1392 1396 1613 1468 mathaeum
1647 1392 1752 1464 illum
1784 1393 1883 1460 Mar·

263 1498 293 1568 1.
316 1499 403 1595 Cap.
428 1519 487 1570 21.
514 1522 591 1596 pag.
620 1521 702 1593 194.
730 1499 953 1596 Antiquitat.
980 1501 1024 1570 E·

263 1595 359 1680 llens.
386 1596 541 1670 ostendi.
570 1599 714 1672 Etenim
742 1600 970 1674 Maechiones
997 1599 1022 1672 i·

262 1697 305 1770 lli
332 1697 370 1772 in
397 1697 541 1772 Chartis
574 1698 788 1776 Lucenlrbus
822 1694 874 1775 eo'
891 1718 1023 1797 tempo·

264 1826 301 1874 te
328 1816 536 1873 occurrunt.
573 1804 705 1874 Veritm
742 1800 836 1898 quod
866 1802 936 1874 duo
972 1799 1026 1874 illi

265 1899 493 1977 Marehiones
529 1921 717 1999 appareant
743 1902 819 1976 illis
854 1903 955 1976 annis
989 1899 1026 1974 in

264 2002 660 2199 lll²iilquliliii
681 2001 965 2178 illini-llll
983 2001 1025 2175 i

653 2159 665 2193 ‚
1015 2147 1021 2162 .

1114 1494 1276 1586 ebionem,
1301 1496 1409 1568 oberei
1419 1495 1555 1588 filium,
1582 1519 1686 1592 quem
1715 1491 1809 1566 inter
1831 1492 1883 1564 Α·

1115 1593 1259 1670 tellinos
1280 1599 1460 1695 Principes
1482 1594 1783 1680 commemoravi,
1803 1594 1882 1666 Tu·

1115 1695 1206 1771 seiae
1230 1697 1434 1798 praefuille,
1453 1699 1588 1773 Charta
1607 1695 1674 1784 ell,
1698 1718 1805 1792 quam
1825 1691 1883 1768 vi·

1115 1796 1150 1870 di
1171 1799 1261 1896 apud
1285 1797 1527 1874 Clariffimum
1552 1797 1730 1897 quondam
1751 1794 1882 1868 Virum

1117 1897 1320 1999 Philippum
1342 1904 1559 1976 Bonamtam
1578 1905 1781 1974 &notorem
1797 1899 1882 1969 Plo·

1114 2001 1320 2091 rentinum,
1357 2003 1456 2101 cujus
1491 2027 1605 2076 raram
1640 1997 1879 2073 eruditionem

1114 2101 1218 2176 Libri
1252 2104 1364 2177 abeo
1390 2103 1479 2178 editi
1515 2098 1790 2176 luculenriffime
1827 2116 1879 2170 te·

264 2201 400 2276 truscae
434 2230 575 2300 quoque
605 2203 773 2280 Marchae
810 2203 1029 2280 Praefeblos.
1113 2202 1263 2279 llantur.
1291 2209 1346 2278 Ex
1374 2203 1537 2278 Archivo
1563 2201 1743 2278 Coenobii
1772 2195 1878 2273 Palli-

265 2303 491 2400 Principibus
526 2304 625 2379 illius
654 2306 733 2380 aevi
760 2325 860 2381 eraut
887 2333 947 2402 per
973 2324 1027 2380 to·
1055 2274 1090 2346 C
1113 2305 1211 2380 niani
1238 2305 1421 2404 depromta
1456 2305 1520 2380 illa
1549 2303 1643 2395 suit,
1679 2301 1881 2401 scriptaque

265 2422 342 2478 tum
378 2405 450 2480 fere
487 2407 651 2480 Italicum
690 2411 850 2508 Regnum
877 2411 1027 2498 Curres,
1113 2427 1186 2481 erat
1211 2415 1314 2479 aaa
1339 2410 1558 2478 MXXXVll.
1582 2405 1722 2502 Septimo
1751 2405 1877 2477 Kalen-

265 2506 437 2590 Callella,
477 2507 638 2604 praedia,
674 2508 814 2604 aliaque
842 2509 939 2608 jura,
969 2526 1026 2584 eu·
1114 2517 1174 2582 aas
1190 2508 1345 2604 Aprilis,
1371 2507 1432 2579 ubi
1449 2505 1541 2580 baec
1561 2507 1666 2579 verba
1685 2504 1876 2604 deprehen·

269 2605 321 2704 jus
348 2609 397 2680 rei
434 2611 636 2702 exemplum
664 2635 736 2682 non
763 2637 871 2684 unum
909 2629 1026 2708 protu·
1114 2609 1177 2682 di:
1206 2611 1338 2696 Corsiae
1361 2635 1409 2678 me
1434 2607 1524 2699 Rosa
1548 2607 1661 2680 iaelira
1686 2602 1879 2699 Corririffa,

266 2705 295 2778 li
331 2707 369 2779 in
406 2707 529 2783 iisdem
559 2709 850 2809 Antiquitatibus
885 2710 1025 2786 Estensr·
1107 2709 1190 2823 filia
1213 2713 1331 2783 Domai
1353 2709 1530 2782 Adalberti
1551 2715 1628 2780 Dure
1646 2710 1690 2779 Θ·
1709 2708 1878 2800 Marehio,

267 2805 358 2880 bus.
392 2811 450 2882 Ae
486 2810 633 2905 proinde
670 2837 869 2908 quanquam
907 2813 946 2886 in
975 2813 1026 2887 di·
1118 2813 1162 2882 (P
1187 2837 1266 2908 quar
1294 2811 1362 2900 sair
1389 2810 1503 2883 atleta
1527 2811 1647 2881 Domai
1674 2809 1794 2882 ubaldi
1813 2816 1880 2879 Co·

267 2905 372 2981 uersis
400 2911 514 3008 Regni
546 2911 702 3001 partibus
729 2939 851 2987 eorum
877 2917 1028 2989 Contra·
1118 2914 1208 2984 miris
1228 2915 1304 2984 bere
1321 2912 1484 2983 memorie.
1510 2912 1582 2986 Cui
1606 2908 1817 2984 Provinciae
1834 2907 1882 2982 ti·

269 3007 347 3082 ilus
381 3035 421 3084 as
452 3011 609 3089 Nomina
644 3013 884 3113 reperiantur,
919 3017 957 3089 in
984 3015 1034 3098 iis
1120 3015 1198 3088 tulo
1218 3013 1317 3086 Ducis
1341 3013 1374 3085 dt
1395 3011 1596 3084 ntaabiais
1619 3009 1806 3110 praefuerit
1827 3015 1884 3082 A·

268 3127 388 3183 tamen
415 3111 697 3188 Marcbionalem
722 3115 970 3190 auiloritatem
998 3143 1028 3190 e·
1118 3116 1282 3188 dalbertus
1303 3112 1387 3204 ille,
1411 3112 1502 3186 mibi
1527 3112 1787 3212 incompertum
1809 3111 1882 3214 ell3

269 3208 438 3285 iercuill'e
475 3213 649 3288 continuo
682 3242 755 3287 non
783 3214 861 3291 sunt
896 3217 1031 3292 censen
1060 3196 1095 3264 D
1120 3217 1177 3290 sed
1212 3243 1255 3289 ex
1284 3219 1385 3288 Duris
1418 3215 1531 3290 titulo
1558 3215 1633 3290 veri
1669 3213 1712 3288 fit
1746 3212 1882 3304 limile,

271 3311 331 3402 di,
358 3311 421 3386 nisr
449 3315 519 3387 alia
556 3316 722 3389 accedam
750 3314 842 3415 signa
869 3345 908 3392 ae
935 3343 1042 3418 argu·¹
1121 3318 1269 3411 Tusciam
1292 3317 1325 3390 ei
1352 3317 1538 3418 regendam
1567 3315 1667 3391 fuiffe
1691 3315 1884 3403 traditam,

271 3431 392 3486 menta
417 3413 594 3490 ditionis.
624 3422 659 3492 A
689 3416 765 3492 veri
793 3441 887 3494 certe
912 3419 1032 3494 simili·
1119 3447 1270 3518 eumque
1305 3418 1404 3510 elle,
1437 3418 1499 3516 qui
1536 3418 1575 3491 in
1610 3417 1744 3492 Charta
1779 3413 1883 3488 Anni

270 3514 396 3588 tudine
430 3515 624 3608 abhorret,
660 3520 754 3618 quod
793 3521 1035 3597 Florentinius
1122 3525 1229 3595 mxl.
1270 3519 1373 3593 nobis
1414 3518 1639 3618 speblauduna
1678 3515 1812 3619 jamdiu
1850 3513 1888 3588 se

271 3615 306 3686 bt
334 3613 484 3689 Cosmus
510 3618 554 3688 de
578 3621 698 3692 Arena
725 3619 788 3694 fibi
822 3623 1036 3721 persuasere,
1123 3625 1302 3722 praebuit.
1326 3625 1484 3695 Praeteea
1504 3621 1706 3718 Raynerium
1721 3616 1886 3690 Marelia-

270 3712 409 3786 lcilicet
437 3717 568 3811 exiguo
596 3743 766 3792 annorum
797 3721 934 3818 spatio,
958 3728 1032 3798 Tu·
1122 3753 1194 3796 rem
1217 3727 1262 3796 (9·
1287 3729 1407 3796 Ducem
1432 3722 1566 3814 Tusciae
1599 3747 1665 3820 ego
1693 3737 1789 3794 certe
1814 3741 1889 3790 am·

272 3811 365 3886 seiae
402 3813 573 3889 Praesides
609 3817 709 3892 suille
735 3825 936 3914 redaldum,
973 3833 1033 3898 Ba·
1123 3824 1281 3924 plebiae,
1315 3825 1450 3923 quippe
1482 3824 1587 3898 illum
1621 3825 1656 3895 dt
1684 3847 1750 3919 ego
1787 3819 1889 3892 inva-
1942 3859 1945 3864 ·

272 3913 425 4003 trifarium
451 3916 670 4012 Ripuarium,
700 3924 919 3996 adalbertum
942 3931 1033 3997 Ober·
1120 3925 1186 3998 nio
1219 3925 1260 3998 io
1286 3924 1424 3998 Placito
1453 3923 1589 3997 Arretii
1623 3922 1748 3994 babitu
1775 3925 1890 3993 Anno

272 4017 302 4086 ti
321 4014 454 4107 filium,
489 4037 565 4090 tum
593 4025 793 4107 Raprerium
819 4029 847 4096 l.
875 4027 921 4094 (9·
944 4034 1034 4120 Ray·
1122 4029 1268 4098 MllVl.
1303 4023 1567 4097 Marchionalia
1609 4022 1686 4122 jura
1725 4043 1891 4094 exercen-

272 4121 395 4188 aerium
421 4122 467 4191 ll.
502 4117 596 4216 qual}
631 4121 885 4198 Marcbionum
910 4091 1090 4199 munusE
1123 4143 1228 4217 tem,
1263 4123 1318 4198 uti
1346 4123 1450 4198 fidem
1481 4121 1589 4198 laniet
1619 4145 1825 4222 pergamena
1852 4144 1892 4188 o-

274 4220 529 4313 temporarium
558 4247 596 4293 ac
624 4221 783 4297 inflabile
812 4241 897 4299 tunc
924 4225 1036 4317 foret,
1122 4227 1187 4299 lim
1215 4228 1235 4299 l
1262 4251 1319 4298 me
1344 4223 1517 4323 descripta
1545 4251 1590 4298 ex
1622 4219 1831 4296 authentico
1858 4242 1894 4288 e·
1984 4223 1991 4232 '

274 4319 379 4414 quale
405 4319 530 4396 deinde
566 4321 636 4396 fuir
663 4324 876 4399 Potellatum
904 4326 942 4400 in
970 4331 1034 4400 Ue·
1123 4327 1270 4401 xistente
1298 4325 1388 4422 apud
1414 4325 1619 4403 Monachus
1643 4317 1897 4402 Bmeditlinos

276 4417 378 4492 bibus
407 4419 553 4495 liberis.
589 4423 842 4499 Marchionatu
879 4445 940 4499 aut
965 4431 1030 4500 Co
1122 4427 1228 4502 illius
1252 4425 1383 4503 Urbia-

275 4518 408 4595 miratu
443 4520 603 4622 quisquis
638 4524 763 4601 saltem
790 4525 1039 4628 perannum
