4626 6152
496 399 585 512 4'99
805 390 1196 513 Antenore.
1243 365 1690 484 rientem!
1916 423 2006 510 500

438 527 516 584 rm
541 520 700 602 Ducatu‚·
719 511 792 608 juri
810 519 887 584 vert
907 516 1034 610 proprio
1057 513 1205 606 Tuscr'm
1235 517 1270 590 Α
1304 513 1389 588 baec
1423 513 1505 588 sane
1544 531 1728 588 nutantem
1763 507 1855 585 mihi
1890 513 2069 584 exhibent

438 615 639 704 reservavit.
672 613 767 710 Quei
793 639 878 712 ergo
904 617 1013 712 liugn
1039 613 1208 688 Marcbio
1300 615 1502 692 Caedinalis
1537 613 1700 690 Ostiensis
1734 609 1985 689 auiioritatem
2019 611 2064 686 in

441 715 555 790 Anno
574 718 862 792 DCCCCllCV.
883 715 1064 790 ordinarii
1086 713 1205 790 ansio-
1303 715 1475 816 praesenti
1512 741 1584 818 re;
1624 743 1737 816 eoque
1776 712 1924 815 magis,
1965 707 2067 810 quod

441 813 551 892 ritate
589 817 628 892 in
663 819 854 914 spoletano
891 820 1032 892 Ducatu
1072 817 1209 891 Placita
1302 845 1373 892 non
1401 818 1484 893 satis
1510 837 1691 896 accuratus
1726 816 1820 891 tellis
1854 815 1919 889 ille
1953 811 2070 886 suerit

443 915 571 994 ltabere
605 915 753 1012 potuit?
793 917 954 994 Placidus
991 919 1211 994 Pucinellius
1303 919 1340 992 in
1368 920 1450 996 aliis
1485 921 1528 994 ad
1562 921 1724 995 eumdem
1761 923 1951 1018 lingonem
1988 913 2068 1014 spe·

442 1016 480 1092 in
510 1017 666 1093 Historia
693 1019 859 1120 lingonis
885 1021 1013 1120 Magni
1044 1047 1121 1122 pag.
1151 1044 1211 1094 12.
1301 1021 1500 1098 stantibus.
1537 1025 1666 1096 Narrat
1703 1021 1733 1094 is
1760 1039 1959 1122 praeterea,
1993 1019 2069 1090 Oc·

442 1119 560 1195 censet
588 1119 776 1220 contigisse
810 1123 1075 1194 renuntiationem
1111 1121 1209 1195 illam
1304 1143 1424 1198 tonem
1463 1127 1529 1198 lll.
1565 1129 1846 1220 Imperatorem,
1881 1117 2001 1192 auditi
2026 1144 2067 1190 e·

444 1219 507 1298 sub
541 1225 679 1296 Ottone
709 1227 756 1297 ll.
783 1226 1023 1324 imperatore;
1059 1222 1210 1298 Cosmus
1303 1223 1434 1324 jusdem
1455 1224 1633 1324 Principis
1652 1243 1789 1313 morte,
1808 1219 1961 1296 exiliiffe
1979 1243 2071 1320 prae

443 1329 530 1398 verb
564 1322 608 1400 de
643 1325 763 1398 Areua
804 1321 1031 1400 indefinitum
1073 1345 1211 1408 temnus

1301 1327 1434 1425 gaudeo
1449 1327 1489 1401 in
1509 1326 1594 1400 baec
1621 1323 1820 1400 Psalmistae
1839 1321 1965 1398 reba:
1994 1327 2067 1393 La·

446 1425 650 1524 relinquit.
685 1425 749 1500 Sed
781 1423 861 1499 sunt
888 1451 979 1524 quae
1013 1452 1069 1500 me
1099 1431 1207 1500 deter·
1244 1451 1274 1522 Β
1302 1454 1397 1524 prees
1421 1429 1575 1501 euerritur
1599 1427 1668 1518 eJl,
1703 1429 1748 1498 θ
1773 1451 1830 1498 nae
1854 1422 1985 1496 liberari
2003 1422 2067 1514 su·

445 1547 526 1602 tent
551 1529 595 1602 ab
623 1526 867 1626 amplesienda
894 1527 960 1602 hoc
988 1530 1070 1602 loco
1095 1553 1210 1602 narra·

448 1629 548 1704 tione
576 1629 671 1704 Petri
701 1628 891 1702 Damiani.
916 1633 971 1702 Ex
991 1629 1125 1705 Charta
1148 1656 1207 1702 nu

447 1757 509 1830 per
536 1748 729 1803 memorata
757 1729 840 1804 satis
866 1729 1024 1822 cunilae,
1051 1733 1107 1804 vel
1136 1725 1209 1804 An·

446 1857 496 1906 no
524 1835 811 1908 Dccccxcv.
846 1831 994 1932 Hugoni
1031 1831 1211 1906 Marcltio·

446 1933 486 2010 ni
515 1933 766 2028 obtemperasse
804 1936 986 2030 Spoleturn
1020 1935 1056 2006 te
1084 1937 1209 2008 Came·

448 2033 875 2210 illsszrlllffli
898 2033 1213 2226 {risibilis

981 2163 1012 2206 CO
1034 2163 1071 2206 Μ
1197 2177 1212 2199 ο

449 2237 547 2310 tinus
589 2231 708 2330 Missua
748 2161 867 2308 liriirrm
903 2159 1034 2332 ilgerii
1059 2241 1136 2308 Dua
1170 2237 1215 2308 θ

1300 1555 1391 1619 mus,
1425 1556 1469 1604 eo
1503 1527 1597 1628 quod
1635 1527 1698 1604 libi
1730 1529 1802 1628 jam
1837 1525 1981 1600 timeret
2017 1547 2068 1597 ex

1300 1629 1414 1704 nimia
1439 1630 1540 1706 illius
1566 1629 1753 1732 potentia.
1780 1626 1949 1726 Propiora
1975 1623 2066 1698 ltaee

1306 1758 1387 1805 uero
1422 1731 1533 1832 sunt3
1568 1751 1604 1805 at
1630 1731 1752 1806 eadem
1777 1729 1969 1804 conciliare
1995 1726 2064 1800 vise

1302 1831 1404 1932 poffis
1431 1861 1512 1907 curn
1548 1832 1697 1932 reliquis
1722 1831 1765 1906 de
1801 1835 1954 1930 lingone
1981 1853 2065 1900 nar·

1299 1935 1407 2022 ratis,
1434 1934 1492 2010 cui
1519 1951 1618 2009 tanta
1644 1931 1842 2008 moderatio
1865 1929 2064 2020 tribuitur,

1301 2057 1339 2109 ut
1382 2035 1623 2136 Principatum
1662 2037 1891 2133 Spoletanum
1931 2031 2065 2104 vivens

1300 2163 1340 2210 ae
1367 2135 1488 2235 sponte
1514 2160 1640 2210 exuere
1666 2135 1845 2234 potuerit.
1881 2133 1948 2206 Sed
1973 2131 2064 2204 haec

1300 2235 1385 2311 satis
1409 2235 1604 2336 superque.

449 2337 619 2412 Marciis.
656 2340 751 2440 Ergo
781 2337 938 2434 pluribus
967 2334 1076 2410 etiam
1112 2337 1213 2412 annis
1243 2331 1272 2402 C
1352 2338 1498 2512 liuponi
1527 2341 1664 2430 Magno
1687 2337 1726 2410 in
1751 2333 1957 2434 Principem
1983 2335 2065 2406 Tu·

450 2437 527 2540 poli
551 2437 695 2512 obitum
721 2437 870 2512 Oetonis
899 2441 943 2511 11.
966 2437 1114 2538 Augusti
1136 2443 1212 2514 Hu-

450 2565 500 2642 qo
532 2537 686 2614 Tusciae
721 2537 888 2612 Marchio
923 2543 1060 2614 Ducem
1094 2543 1210 2638 Spole·

451 2659 618 2714 canorum
652 2643 687 2712 δι
726 2637 1029 2716 Camerinensium
1064 2643 1214 2740 agebat.

452 2742 513 2818 Ad
533 2739 617 2816 baec
637 2741 676 2814 in
698 2739 921 2814 Bibliotheca
942 2745 1085 2816 Patrutn
1106 2745 1214 2816 Tom.

453 2847 574 2918 xvtt.
609 2841 704 2917 inter
728 2840 915 2930 Gerberti,
952 2841 1022 2916 five
1057 2843 1212 2918 silvestri

453 2947 501 3020 ll.
539 2947 652 3044 Papae
686 2942 862 3044 Epillolas
893 2943 1024 3044 legitur
1059 2944 1213 3042 Epillola

456 3051 546 3142 158·
561 3043 599 3120 in
619 3071 687 3144 qua
707 3049 801 3120 Orto
827 3047 896 3118 lll.
922 3049 1119 3146 imperator
1134 3045 1212 3122 scri·

1302 2439 1391 2514 seiae
1432 2440 1639 2513 uccelsorem
1674 2436 1772 2512 suilse
1798 2438 1920 2510 datum
1948 2437 2068 2508 Anno

1303 2545 1395 2616 ΜΗ.
1419 2543 1601 2614 Tedaldum
1626 2537 1804 2612 Bnnisacii
1835 2541 1995 2624 Patrem,
2022 2536 2062 2606 dt

1300 2642 1548 2717 celeberrimae
1572 2639 1782 2716 Comitiffae
1817 2636 1982 2710 Matildie
2012 2639 2066 2708 A.

1301 2769 1410 2835 vum,
1445 2741 1583 2817 censuit
1619 2740 1748 2840 Pagius
1775 2739 1816 2812 in
1840 2737 1969 2812 Critic.
1997 2739 2067 2809 Bu.

1302 2871 1378 2919 ron.
1403 2847 1446 2918 ad
1472 2843 1635 2918 eumdem
1666 2847 1812 2915 Annum
1833 2866 1930 2914 num.
1955 2865 1991 2933 4
2013 2842 2065 2911 Et

1302 2943 1444 3038 cursus,
1478 2945 1500 3017 st
1537 2943 1623 3018 fides
1649 2941 1846 3017 adhibenda
1881 2941 2066 3014 nonnullis

1302 3047 1584 3134 recentioribus,
1621 3044 1682 3142 qui
1713 3041 1866 3146 ejusdem
1897 3043 2069 3114 Matildis

453 3147 508 3222 bit
536 3144 569 3220 se
596 3145 634 3220 in
662 3144 849 3222 subsidium
876 3143 1031 3244 ejusdem
1056 3147 1213 3223 Silvellri
1304 3150 1428 3224 Vitam
1464 3150 1560 3249 tvpis
1587 3146 1786 3235 tradidere,
1823 3144 1977 3218 creditur
2002 3149 2066 3212 Ta·

453 3246 631 3322 destinasse
667 3253 834 3340 ingonem
867 3249 1003 3341 Tuscum
1034 3251 1128 3320 ordis
1159 3271 1216 3344 prr
1244 3239 1276 3308 D
1302 3253 1418 3322 daldae
1445 3252 1483 3324 in
1512 3248 1583 3348 ipsa
1611 3247 1762 3322 Tusciae
1789 3244 1952 3318 marchia
1979 3263 2069 3318 ante

456 3348 564 3420 annia
579 3346 690 3440 fidum
713 3355 752 3420 S.
776 3349 893 3422 Currit.
920 3346 1019 3444 (seve
1044 3355 1081 3424 S.
1108 3351 1208 3421 Conti-

453 3471 538 3538 κω,
569 3468 609 3524 ut
637 3447 886 3524 Dquesnius
910 3449 1047 3540 habet,
1072 3449 1109 3525 in
1137 3451 1214 3548 qui·

454 3553 518 3628 bus
559 3551 677 3626 literis
718 3550 852 3626 vitium
891 3551 1036 3648 aliquod
1078 3549 1215 3644 subest)

454 3654 660 3748 Spoletinis,
698 3653 743 3722 θ’
777 3652 955 3724 Cmnrrinir
994 3651 1192 3741 Ptarfeiiuna
1206 3706 1219 3724 .

454 3751 612 3846 Epislnla
651 3750 736 3822 haec
773 3757 882 3824 Anno
922 3749 1046 3824 saltem
1085 3751 1215 3826 Chrilli

455 3853 762 3928 ncccchtx.
790 3849 916 3947 scripta
952 3849 1051 3942 snit,
1085 3852 1242 3952 quippe,

456 3979 502 4028 eo
527 3956 640 4026 Anno
663 3951 709 4026 nd
737 3953 976 4052 Apostolicarn
1006 3954 1131 4028 Sedent
1162 3953 1213 4028 su·

457 4055 626 4128 blimatus
651 4051 698 4127 est
724 4055 886 4130 Silvestre
912 4059 960 4130 ll.
986 4059 1105 4130 immo
1128 4082 1216 4154 qnae

1303 3357 1404 3425 luunt
1425 3351 1567 3426 obitum
1593 3348 1816 3424 successorem
1840 3345 1901 3418 tibi
1930 3343 2066 3418 llatuis·

1304 3451 1336 3526 sc
1363 3451 1479 3526 lilium
1508 3451 1605 3525 suum
1634 3449 1833 3540 Bonisacium
1860 3442 2064 3546 (spediatill

1304 3551 1426 3626 sunum
1464 3552 1575 3646 polica
1613 3551 1837 3647 Principem,
1871 3549 1906 3620 dt
1934 3547 2065 3620 Matil-

1304 3655 1356 3726 dis
1383 3651 1562 3754 ejusdem.
1599 3671 1639 3726 nt
1674 3652 1860 3738 diximus,
1894 3651 2068 3748 patrem)

1305 3781 1429 3852 nempe
1464 3755 1608 3830 circiter
1642 3757 1791 3828 Annum
1827 3753 1959 3824 Mvu.
1991 3776 2070 3844 quo

1306 3855 1337 3929 is
1358 3855 1479 3930 uicere
1503 3855 1623 3931 desiit.
1651 3855 1800 3930 Addunt
1824 3873 1967 3943 tamen,
1994 3855 2067 3926 Te·

1304 3956 1399 4032 daldi
1436 3959 1531 4032 votis
1568 3957 1721 4032 minime
1751 3955 1963 4052 respondisse
1995 3951 2066 4026 sor·

1306 4077 1426 4133 tunam
1443 4086 1473 4162 ;Δ
1499 4087 1580 4133 nam
1622 4087 1685 4156 per
1717 4083 1827 4132 annos
1865 4056 2068 4152 complures

456 4155 509 4230 ibi
536 4157 722 4254 leguntur,
756 4157 888 4232 rciiius
912 4156 1070 4232 indicare
1094 4157 1215 4230 viden·
1247 4189 1275 4258 Ε
1305 4161 1463 4261 regimen
1503 4161 1656 4236 'susci-ae
1690 4187 1799 4260 penes-
1829 4156 1917 4232 alios
1958 4153 2065 4254 Opti·
2185 4177 2188 4186 ·

453 4277 516 4334 tur
540 4254 775 4356 conscriptam
794 4262 904 4333 Anno
929 4257 1125 4334 Millestrno
1146 4263 1213 4332 Ae·
1306 4281 1415 4337 mater
1442 4262 1536 4354 suit,
1560 4267 1674 4336 donec
1700 4265 1812 4334 Anno
1835 4257 1977 4332 circiter
2004 4258 2064 4330 M·

454 4383 514 4436 rae
549 4356 789 4434 Christianae.
825 4365 949 4455 Qttom
986 4365 1070 4434 verb
1107 4358 1215 4432 sttbse·

453 4459 579 4560 quenti
618 4463 727 4533 Anno
762 4463 837 4535 Mt.
871 4465 892 4534 ὲ
931 4460 1027 4534 vivis
1063 4459 1221 4534 sublatus

453 4562 564 4636 suerit
605 4563 716 4680 liupo
749 4560 919 4634 Maecilio
958 4563 1031 4662 poli
1071 4563 1218 4660 quadra·

454 4665 557 4766 ginta
593 4661 779 4763 regiminis
813 4687 946 4736 annos:
982 4689 1054 4760 quo
1089 4663 1219 4762 quaeso

1309 4367 1497 4441 xxxvtt.
1515 4365 1556 4440 'ad
1579 4362 1801 4438 bonifacium
1824 4361 1898 4460 ejus
1924 4357 2066 4449 filium,

1306 4463 1465 4564 prospere
1501 4464 1706 4540 cedentibus
1744 4465 1873 4550 rebus,
1908 4462 2064 4536 delatum

1305 4565 1369 4640 esi.
1397 4569 1570 4663 Equidem
1594 4565 1720 4640 multis
1734 4563 1885 4639 obsitam
1911 4563 2064 4637 tenebris

1305 4665 1394 4742 hanc
1423 4669 1599 4744 Historiae
1627 4667 1837 4766 particulam
1864 4663 1968 4738 fateri
1994 4689 2064 4737 tna·

453 4785 616 4862 tempore
649 4762 785 4862 Spoleti
822 4765 856 4836 ἃ
894 4763 1078 4838 Camerini
1116 4769 1214 4839 Prae·
1304 4769 1369 4868 to;
1397 4771 1431 4844 dt
1461 4769 1522 4844 nist
1551 4771 1664 4864 major
1689 4772 1752 4844 lux
1779 4769 1971 4854 effultum,
2007 4791 2062 4838 ac·

453 4865 627 4939 tecturam
653 4864 716 4940 ille
743 4862 950 4938 abdicavit?
990 4865 1067 4939 Nili
1095 4865 1212 4965 suppo·
1303 4869 1479 4968 quiescere
1515 4871 1715 4962 huprsmndi
1746 4867 1980 4970 opinionibus
2004 4893 2063 4942 ne·

453 4965 569 5040 fiticia
605 4963 670 5054 lit,
703 4983 765 5040 aut
800 4967 926 5064 aliquo
952 4966 1046 5038 vitio
1083 4969 1218 5042 laboret
1306 4997 1480 5069 quaquam
1508 4973 1640 5048 ausim.
1677 4973 1770 5047 illud
1796 4993 1895 5044 extra
1922 4989 2066 5043 contro·

454 5063 577 5167 (quod
597 5064 833 5166 suspicabatur
852 5066 990 5142 amicus
1008 5069 1240 5174 berettus),n
1304 5073 1451 5151 uersam
1483 5103 1593 5170 reor,
1634 5073 1834 5151 Tedaldum
1868 5073 2069 5146 Masclianis

1930 5175 2019 5250 titu-
