4560 6146
352 441 381 519 a
648 395 1555 492 orssnrrrrrornrrrrs
1797 417 1920 492 ιο·

343 523 404 602 Ad
431 519 574 598 Italiam
608 534 732 597 tamen
768 518 863 622 quod
898 517 1057 612 attinet,
1085 526 1120 598 A
1144 519 1263 610 uices,
1288 521 1324 593 8c
1349 545 1470 595 recens
1486 540 1596 618 eaque
1621 512 1824 617 gravlffima
1844 523 1910 594 ror

297 644 571 702 commemorata
605 623 777 700 habienus
801 623 895 697 mala
920 639 1056 724 tempo·

295 729 408 805 cariae
426 727 545 828 potius
571 725 786 803 incursiones
803 722 971 826 fuerunt3
998 751 1055 800 ne·

295 859 364 932 que
390 823 485 906 e‘nim
522 828 649 932 perlem
683 827 762 905 heic
786 825 893 930 figere
928 827 1058 904 exteris

293 932 459 1036 gentibus
511 929 620 1005 licuit
670 930 712 1004 ad
754 934 903 1005 Annum
953 929 1059 1029 usque

296 1037 607 1111 ccccnxxvt.
642 1031 788 1107 Accidit
828 1051 974 1122 autem,
1020 1037 1058 1105 nt

296 1135 367 1212 laoc
394 1133 521 1210 eodem
555 1137 664 1212 Anno
699 1135 834 1206 odoacer
860 1134 1055 1231 Tortilingo·

296 1265 399 1328 rttm,
436 1237 679 1332 Herulorrtmqur
709 1240 812 1326 Rex,
849 1233 1060 1310 subfidiariis

299 1338 456 1414 aliorum
484 1337 697 1437 Populorum
733 1335 847 1437 copiis
873 1337 1059 1430 suffultus,

1143 621 1297 698 liilentia
1331 624 1367 698 δι
1394 627 1544 713 Fames,
1582 619 1708 696 Paullo
1744 619 1912 698 Diacono

1145 724 1227 799 telie
1252 724 1336 802 Lib.
1356 727 1403 798 11.
1429 727 1519 826 Cap.
1539 726 1603 798 tv.
1629 721 1672 797 de
1698 724 1912 801 Gest.·Lan·'

1145 825 1405 924 gobardorum,
1440 824 1701 902 habitatoribus
1732 827 1846 902 Urbes
1872 827 1909 898 dr

1146 955 1246 1028 agros
1289 926 1518 1003 exhauserat.
1563 924 1720 1004 Accesfit
1764 927 1807 1002 ad
1850 945 1911 1002 tot

1146 1030 1354 1105 Italicorum
1399 1029 1620 1112 calamitates
1658 1027 1830 1106 immensa
1869 1028 1911 1104 in

1146 1129 1282 1204 vislore
1309 1133 1447 1231 Populo
1467 1130 1611 1230 praedae
1638 1159 1677 1204 ac
1697 1130 1909 1208 divitiarum

1146 1231 1302 1332 cupid03
1330 1258 1443 1330 neque
1469 1231 1566 1306 enim
1593 1230 1645 1305 sat
1671 1233 1717 1308 iis
1743 1231 1813 1308 suit
1840 1237 1910 1306 Ur·

1147 1336 1204 1408 bes
1231 1361 1270 1408 ac
1297 1335 1439 1434 Oppida
1470 1334 1680 1434 occupasse3
1718 1337 1840 1410 verbm
1873 1361 1909 1408 e·

301 1439 395 1514 hanc
431 1436 540 1538 ipsam
586 1438 813 1512 Provinciam
850 1438 1115 1526 invaderet,B
1147 1436 1234 1510 tiam
1263 1435 1482 1536 priuatorum
1510 1438 1650 1510 rura&
1677 1434 1909 1536 compossuit

304 1551 406 1640 atque
432 1537 509 1612 heic
537 1543 698 1638 Regnum
724 1539 914 1633 statueret,
940 1539 1060 1615 everso

299 1637 471 1716 Momillo
495 1640 718 1739 Augustulo,
743 1642 783 1716 in
802 1642 900 1740 cujus
927 1641 1059 1718 Occasu

299 1742 404 1816 linem
441 1738 543 1815 stmul
569 1741 697 1815 habuit
733 1742 964 1816 Occidentale
991 1749 1059 1818 Ro·

296 1869 486 1918 manorum
506 1841 724 1942 Imperium.
755 1842 855 1918 Nori
875 1844 989 1944 Regni
1008 1873 1059 1919 ca·

297 1961 362 2046 put
391 1949 565 2018 Ravenna
591 1941 777 2018 constituta
803 1943 875 2045 ell3
906 1944 961 2019 scd
991 1973 1061 2020 non

298 2046 364 2120 diu
390 2043 562 2119 Odoacris
595 2043 737 2118 fortuna
762 2045 880 2120 stetit.
916 2048 1061 2122 Etenim

298 2151 412 2222 Anno
432 2149 768 2221 ccchxxxtx.
788 2147 935 2222 Italicos
962 2177 1063 2248 agros

298 2251 410 2322 altera
425 2248 579 2346 procella
594 2245 765 2346 pervasit,
779 2248 950 2324 videlicet
964 2253 1060 2324 Theo·

1146 1536 1256 1612 variis
1289 1534 1407 1611 titulis
1434 1537 1497 1610 fibi
1524 1536 1758 1636 usurparunt,
1785 1563 1910 1614 eorum

1148 1638 1387 1740 possessoribus
1413 1655 1474 1712 aut
1500 1638 1707 1732 trucidatis,
1735 1659 1796 1714 aut
1822 1637 1911 1714 exst·

1147 1741 1237 1814 lium
1278 1739 1392 1814 subire
1433 1739 1591 1814 coaslis.
1637 1743 1693 1814 lta
1733 1742 1772 1815 in
1813 1740 1909 1816 hisce

1148 1843 1304 1942 partibus
1330 1841 1454 1918 attrita
1491 1868 1562 1916 non
1590 1867 1712 1940 parum
1738 1840 1810 1916 suit
1837 1847 1911 1916 Ro·

1148 1969 1331 2018 manorum
1351 1941 1556 2044 progenies,
1575 1945 1610 2016 δι
1631 1959 1821 2044 propagata
1841 1946 1911 2018 Bo·

1144 2047 1249 2120 realis
1271 2044 1398 2144 Populi
1419 2048 1553 2144 proles.
1581 2048 1707 2142 Neque
1727 2044 1790 2119 uni
1814 2049 1912 2120 Lan-

1147 2146 1293 2248 gobardi
1319 2146 1399 2222 heic
1425 2145 1633 2220 constitere.
1665 2145 1724 2220 Ad
1753 2145 1910 2246 primum

1147 2275 1325 2323 rumorem
1352 2245 1571 2348 properantis
1590 2247 1744 2322 Alboini
1771 2248 1809 2321 in
1837 2253 1913 2322 Ita·

299 2349 421 2421 tiericus
443 2349 613 2420 Gothorum
632 2354 732 2441 Rex,
758 2368 865 2448 atque
889 2351 976 2425 adeo
996 2356 1060 2426 Bo·
1092 2350 1261 2442 Cliam,
1297 2349 1446 2426 comites
1472 2348 1507 2424 se
1544 2349 1604 2422 illi
1630 2347 1839 2424 addiderunt
1873 2351 1911 2424 &

299 2449 450 2525 realium
497 2452 712 2550 Populorum
736 2478 868 2547 ¹novus
913 2451 1062 2545 duslor,

298 2568 376 2628 turn
404 2551 558 2626 Zenonis
585 2551 735 2652 Augusti
764 2551 957 2647 consensu,
985 2574 1061 2630 tum

301 2651 379 2748 fiti,
406 2650 530 2752 ac·spe
556 2652 714 2754 ingentis
734 2653 900 2754 praedae,
928 2656 966 2730 in
994 2661 1061 2732 Ita·

299 2755 389 2830 liam
416 2753 539 2846 venit,
567 2773 606 2829 ut
634 2757 708 2856 ejus
728 2755 918 2856 imperium
946 2759 1062 2832 Odoa-

302 2858 355 2929 cri
383 2856 632 2930 contenderet.
662 2861 730 2932 Pro
766 2857 897 2932 Gothis
923 2857 1063 2934 fortuna

304 2955 393 3030 belli
419 2955 541 3046 stetit,
576 2959 595 3028 i
621 2957 747 3054 quibus
782 2959 929 3058 proinde
955 2965 1064 3035 Anno

305 3059 578 3134 ccccxcttr.
605 3056 804 3134 institutum
833 3059 902 3136 fuit
929 3061 968 3138 in
995 3068 1062 3138 Ita·

302 3157 352 3234 lia
374 3157 568 3233 Gothicum
585 3163 769 3332 Regnum,
788 3163 831 3236 ab
850 3161 926 3262 ipso
945 3162 1063 3240 Theo·

300 3259 449 3349 clerieo,
469 3258 610 3360 ejusque
653 3262 885 3338 uccessoribus
910 3265 1064 3366 Regibus
1091 3273 1125 3342 D
1145 3263 1195 3338 cis
1214 3262 1481 3363 Langobardiae
1501 3261 1706 3362 imposttum
1726 3263 1825 3338 luisse
1845 3291 1912 3340 no.

301 3361 461 3436 uiriliter
495 3359 670 3436 serratum
706 3363 882 3462 usquead
915 3369 1061 3444 Annum

300 3465 421 3538 Dle.
448 3489 520 3560 quo
555 3461 766 3554 Jullinianus
793 3469 821 3540 I.
849 3471 1063 3544 Graecorum

300 3567 499 3665 Imperator
542 3565 789 3642 celeberrimus
829 3595 890 3666 per
934 3569 1061 3646 Belisa-

296 3663 422 3756 tium,
449 3692 488 3738 ac
516 3663 727 3759 Narsetem,
755 3667 953 3771 profligatis
980 3675 1060 3746 Bar·

303 3766 420 3854 baris,
447 3769 646 3847 Romanum
667 3770 859 3869 Imperium
887 3771 1001 3848 rursus
1024 3773 1061 3848 in

300 3865 408 3940 Italia
435 3867 569 3942 erexit.
608 3873 740 3961 Tunc,
769 3890 809 3946 ut
835 3891 949 3972 puto,
976 3901 1060 3950 unu·

300 3965 463 4066 squisque
488 3968 670 4067 sperasset,
697 3971 901 4049 diuturnam
926 3975 964 4050 in
993 3980 1056 4051 lta·

297 4067 350 4144 lia
376 4067 530 4144 suturam
567 4072 750 4170 quietem:
790 4093 947 4151 attamen
983 4104 1062 4152 ecce

1148 2453 1237 2527 aliae
1272 2451 1503 2530 Germanicae
1547 2467 1699 2549 gentes,
1743 2477 1788 2524 cx
1833 2450 1912 2551 ipso

1147 2554 1256 2628 etiarn
1283 2552 1474 2628 remotiore
1497 2551 1647 2654 glaciali·
1669 2551 1827 2626 CIImate
1851 2553 1913 2626 ad.

1147 2653 1280 2747 scitae,
1316 2654 1369 2730 ita
1395 2673 1434 2728 ut
1460 2654 1540 2728 heic
1575 2652 1688 2728 sedem
1716 2653 1780 2729 fibi
1816 2653 1912 2731 dele·

1147 2758 1263 2858 gerint
1290 2784 1464 2832 unacum
1500 2755 1745 2858 Langobardis
1779 2759 1883 2831 Soreoi
1897 2816 1910 2852 ,

1145 2859 1257 2931 Norici
1271 2915 1281 2949 ,
1314 2862 1498 2956 Rogant,
1525 2862 1647 2949 Gothi,
1684 2860 1844 2958 aliaeque
1870 2859 1911 2933 id

1145 2985 1252 3060 genus
1280 2959 1428 3049 turbae,
1461 2958 1588 3056 quibus
1615 2961 1650 3029 dc
1678 2957 1735 3030 sua
1763 2959 1910 3056 praedae

1146 3060 1264 3162 portio
1291 3058 1429 3132 decreta
1454 3057 1518 3132 ell.
1548 3061 1665 3132 Immo
1688 3057 1911 3134 animadver-

1145 3161 1289 3236 tendum
1310 3159 1376 3252 est,
1403 3159 1587 3234 nonnullis
1606 3161 1758 3260 Oppidis
1779 3189 1818 3236 ac
1843 3163 1912 3240 vi.

1146 3393 1227 3440 men
1252 3365 1395 3466 gentis,
1433 3363 1490 3440 cui
1517 3367 1561 3438 ad
1587 3366 1819 3442 habitandum
1846 3369 1911 3444 ob·

1146 3466 1327 3565 tigerunt.
1357 3471 1414 3538 Do
1441 3465 1561 3542 tellem
1589 3494 1699 3567 nuper
1725 3469 1911 3548 laudatum

1147 3572 1310 3642 Paullum
1330 3565 1566 3658 warnefridi,
1594 3567 1663 3644 five
1685 3568 1916 3668 Diaconum,

1148 3667 1419 3770 Langobardum
1455 3696 1607 3769 genere,
1643 3669 1683 3746 in
1718 3671 1836 3752 Libro
1860 3680 1911 3750 ll.

1147 3776 1235 3870 Cap.
1273 3773 1404 3844 XXVI.
1444 3769 1487 3846 de
1526 3771 1619 3846 Gest.
1659 3776 1916 3878 Langobardo-¹

1148 3901 1251 3948 runt.
1288 3881 1417 3944 Certum
1451 3874 1522 3963 est,
1561 3873 1688 3977 inquit
1720 3879 1811 3970 ille,
1837 3902 1912 3954 troc

1147 3976 1272 4048 Alboin
1302 3978 1416 4046 multos
1444 3975 1548 4068 secum
1574 4007 1617 4052 ea·
1636 3981 1797 4072 dinotst's,
1827 4008 1916 4080 quoe

1146 4078 1201 4148 arel
1224 4077 1287 4148 atio·
1313 4085 1441 4170 Reges,
1467 4078 1524 4148 vel.
1550 4081 1617 4176 ipse
1640 4104 1781 4179 operat,
1804 4086 1915 4182 geretis

296 4173 580 4266 Langobardorum
603 4199 708 4271 gens,
735 4175 826 4251 alter
849 4203 976 4278 nempe
996 4181 1061 4252 Po·
1093 4182 1204 4270 fibros
1238 4179 1283 4250 od
1308 4178 1442 4252 baliam
1476 4181 1639 4278 adduxisse
1651 4211 1671 4253 .·
1702 4188 1788 4256 ordo
1819 4185 1916 4284 usque

296 4273 401 4372 pulus
420 4274 711 4372 septemtrionali
738 4278 951 4354 Germaniae
971 4280 1061 4354 olim

299 4371 518 4468 adscriptus,
552 4373 617 4450 sub
651 4377 798 4450 orbator
829 4387 921 4477 Rege
953 4384 1061 4454 Anno

293 4472 508 4548 Dvattt.
535 4475 649 4552 sedern
687 4475 750 4551 fibi
786 4477 883 4554 inter
916 4479 1062 4556 Italicos

299 4595 494 4669 quaerere,
528 4578 562 4650 te
591 4577 732 4678 potiore
759 4579 835 4681 ejus
870 4600 968 4680 parte
1003 4610 1060 4658 oc·

298 4689 457 4768 eupata,
484 4698 611 4752 nomen
637 4679 911 4781 Langobardico
937 4689 1060 4786 Regno

297 4773 484 4866 tribuere,
512 4775 609 4873 cujus
634 4783 745 4881 Regia
771 4781 945 4860 Ticinum
971 4784 1060 4860 fuit.

250 4977 253 4984 .
299 4876 372 4952 Sub
396 4874 470 4950 hoc
494 4876 638 4952 turbine
656 4879 831 4981 insperato
858 4887 984 4960 Italica
1008 4915 1059 4962 re·

299 4975 362 5076 gio
395 4975 525 5054 saniem
566 4981 672 5079 plane
710 4986 855 5060 mutasse
894 4986 1059 5064 censenda

300 5076 372 5182 ,ἃς
399 5077 472 5181 iam
498 5080 594 5162 enim
620 5083 864 5188 praecedentes
885 5089 1060 5170 bellorum

1148 4279 1239 4350 hodie
1272 4305 1406 4370 eornm,
1438 4282 1475 4354 in
1499 4284 1612 4380 quibos
1646 4287 1822 4378 habitant,
1857 4289 1914 4359 vi·

1147 4407 1215 4468 cet,
1233 4380 1397 4478 Gepidor,
1412 4386 1592 4481 Balgarer,
1611 4395 1799 4481 Sarmatos,
1817 4395 1913 4460 Parn-

1148 4482 1276 4571 aonios,
1301 4488 1455 4578 Sarouon,
1482 4489 1633 4580 Noricos,
1653 4491 1729 4575 frua
1751 4490 1827 4562 aliis
1851 4489 1912 4558 btt-

1107 4570 1114 4582 ’
1142 4582 1316 4676 joscerandi
1349 4587 1529 4662 ominibus
1552 4594 1773 4688 appellamus.
1808 4590 1914 4681 Quae
1968 4607 1975 4617 '

1148 4682 1227 4758 heic
1253 4683 1375 4760 lcriblt
1404 4691 1570 4781 Paullus,
1596 4690 1733 4768 sortasse
1757 4713 1820 4760 nos
1846 4689 1911 4768 du·

1148 4804 1234 4860 cunt
1259 4786 1302 4860 ad
1328 4785 1628 4890 intelligendum,
1656 4815 1716 4862 cur
1742 4793 1910 4885 meatur,
1963 4805 1967 4811 “

1146 4905 1208 4964 aut
1242 4890 1420 4962 Comitatus
1456 4893 1636 4988 Borgorr'oe
1673 4894 1908 4988 appellaretur

1145 4989 1237 5065 olim
1262 4989 1364 5090 regio
1386 4991 1556 5090 quaedam
1581 4989 1625 5060 ad
1650 4991 1910 5096 Occidentem,

1145 5091 1366 5176 contermina
1382 5090 1640 5172 Mediolanensi
1660 5121 1766 5200 agro,
1784 5101 1820 5174 δι
1840 5105 1909 5196 ali-v

1765 5221 1855 5305 quot
