4602 6136
408 475 729 636 live2l)CCLVll.
757 432 1368 660 ἱξρῖςζιῖεορηξζιῖἕιέΑΜΝξῌ
1381 429 1806 643 ΙέκευξοξέιΑίῑατίοἰ
1856 469 2019 652 Saialent

407 687 517 738 aeones
543 659 812 753 occidentales,
839 677 922 753 aut,
950 678 989 734 ut
1017 659 1082 735 alii
1109 685 1173 734 vo·
1201 699 1202 704 ,

407 765 515 857 lunt,
550 767 571 838 b
598 761 798 852 custodibus
821 761 873 837 sui
900 763 1085 881 corporis,
1120 765 1172 836 A·

408 863 605 940 delwaldus
643 869 719 940 Rex
756 862 890 938 occisus
926 862 1022 957 furt,
1068 881 1173 963 atque

409 965 452 1042 ad
480 967 570 1043 alios
606 971 717 1066 Reges
743 965 816 1065 ejus
854 969 1016 1066 Regnum
1052 992 1172 1065 perve-

408 1067 490 1142 nit.
519 1068 621 1144 Illius
639 1066 807 1142 interitus
831 1064 988 1142 liliorum
1008 1081 1171 1166 quoque,

408 1187 470 1244 aut
506 1169 628 1245 saltem
656 1166 810 1243 liliatum
844 1165 1022 1240 fortunam
1051 1166 1173 1266 susque

408 1269 520 1370 deque
556 1269 710 1346 vertisse,
731 1267 898 1361 videtur,
942 1261 990 1343 ut'
1024 1267 1172 1371 proinde

405 1371 513 1474 juliae
539 1371 761 1473 eonjesturae
788 1367 829 1445 fir
855 1371 980 1460 locus,
1012 1373 1167 1446 Adoreo·

405 1476 484 1548 daur
511 1475 586 1576 ejus
621 1471 735 1548 liliam
771 1471 938 1548 intanto
971 1499 1087 1548 rerum
1114 1489 1169 1546 tu·
1194 1482 1222 1554 Β
1251 1491 1506 1572 propagarunt.
1542 1479 1597 1548 En
1633 1503 1705 1576 quo
1734 1477 1773 1552 in
1807 1484 1892 1558 loco
1928 1511 2014 1563 runc
2150 1457 2155 1570 Ι.

1250 1573 1332 1648 elset
1352 1573 1497 1649 miserae
1516 1575 1643 1652 Italiae
1661 1577 1822 1655 sortuna.
1842 1587 2014 1664 Ceterum
2163 1593 2169 1604 ’

406 1577 525 1650 multu
554 1593 690 1651 vertere
716 1574 857 1663 solum,
882 1589 988 1670 atque
1014 1573 1057 1646 ad
1084 1573 1169 1648 alie·

406 1703 470 1754 nas
498 1697 607 1754 terras
641 1674 812 1775 emigrare
848 1673 1008 1748 coaslam
1044 1672 1169 1749 fuisse.

405 1779 603 1856 Lucensem
624 1803 708 1850 vero
733 1772 934 1850 Civitatem
953 1773 1016 1848 libi
1043 1777 1083 1850 eb
1100 1773 1165 1850 sor-

407 1881 493 1954 tasse
519 1880 562 1954 de
588 1875 699 1953 caulsa
734 1875 870 1978 elegit,
907 1893 947 1952 ut
972 1876 1024 1952 ibi
1053 1876 1169 1952 dicata

406 1983 487 2056 Deo
513 1979 690 2080 reliquum
719 1978 814 2054 vitae
840 1996 985 2079 ageret,
1012 1978 1107 2078 quod
1131 1979 1169 2053 in

407 2109 448 2157 ea
472 2083 665 2171 Civitate,
699 2107 789 2178 quae
814 2097 899 2154 tunc
935 2079 1088 2155 Tusciae
1115 2107 1163 2154 ca·

434 2201 472 2258 ut
499 2183 594 2256 inter
617 2199 747 2256 ceteras
774 2182 847 2281 ejus
873 2181 1083 2256 Provinciae
1102 2185 1167 2256 Ur·

406 2207 468 2360 bes
491 2283 700 2375 eminebat,
735 2281 864 2381 aliquis
892 2281 936 2361 in
962 2281 1097 2358 bonore
1121 2281 1169 2358 es·

1215 675 1217 680 “
1251 657 1376 732 multis
1403 660 1589 738 Calabriae
1624 665 1849 747 Civitatibus
1882 674 2015 774 potiti,

1252 787 1324 834 oon
1352 777 1520 835 terrorem
1557 768 1697 841 tantum
1723 761 1779 845 scd
1816 801 1913 850 arrna
1939 776 2040 876 ipsa·

1252 859 1424 963 usquead
1450 863 1602 942 moenia.
1618 872 1797 948 Romanae
1826 877 1935 952 Urbis
1959 896 2018 955 tu·

1251 965 1343 1039 lere.
1370 964 1521 1040 Decimo
1539 971 1694 1044 tamdem
1720 976 1864 1051 Saeculo
1884 979 2016 1074 Hispa.

1252 1065 1326 1141 aiei
1366 1067 1527 1142 Saraceni
1564 1072 1774 1146 fraxinetum
1812 1077 1851 1152 in
1888 1079 2016 1157 ltaliae

1252 1166 1382 1242 finibus
1408 1167 1570 1269 ingreffi,
1597 1197 1641 1246 ex
1666 1201 1711 1248 eo
1736 1179 1820 1252 loco
1841 1179 1903 1256 diu
1930 1209 2016 1257 con·

1252 1269 1402 1344 termina
1430 1271 1508 1344 loca
1536 1271 1732 1390 uastarunt,
1756 1282 1793 1354 dc
1822 1309 1882 1400 pqr
1907 1285 2014 1404 longa

1252 1389 1421 1447 terrarum
1459 1369 1570 1472 sparta
1614 1377 1733 1452 caedes
1768 1407 1809 1454 ac
1849 1385 2014 1461 rncendra

1249 1674 1292 1749 ad
1317 1676 1465 1752 Annum
1497 1675 1602 1776 usque
1634 1683 2014 1768 uccctxxxvttt.

1251 1775 1416 1852 Italicum
1440 1782 1601 1880 Regnum
1626 1781 1769 1878 posteris·
1787 1787 1911 1860 Caroli
1931 1793 2013 1864 Ma·

1249 1877 1311 1978 gni
1335 1878 1475 1997 paruit,
1495 1899 1602 1980 atque
1625 1881 1663 1956 io
1688 1883 1734 1958 iis
1757 1886 1867 1961 etiam
1892 1889 2012 1990 viguit

1248 1978 1404 2078 dignitas
1425 1981 1645 2082 Augustalis.
1663 1988 1718 2058 Ar
1736 1990 1847 2062 Anno
1865 1991 2012 2086 eodem,

1248 2078 1419 2156 sublatoe
1439 2081 1535 2160 vivis
1554 2081 1624 2158 fine
1643 2089 1742 2186 prole
1760 2091 1893 2166 Carolo
1910 2093 2013 2168 Cras·

1247 2181 1285 2256 so
1312 2185 1549 2284 Imperatore,
1576 2184 1671 2262 inter
1701 2189 1847 2266 Italicos
1875 2193 2013 2270 Princi-

1247 2309 1308 2383 pes
1334 2285 1376 2360 ad
1410 2289 1572 2387 Regnum
1608 2287 1788 2366 inhiantes
1813 2295 1940 2370 oborta
1964 2295 2012 2371 ell

406 2385 512 2463 setei
532 2384 836 2486 consanguinitate
856 2383 1086 2486 conjunslus,
1110 2407 1171 2462 aut
1193 2403 1225 2476 c
1246 2384 1376 2460 sunesla
1412 2389 1653 2479 concertatio,
1689 2417 1779 2490 quae
1814 2421 1877 2492 pro
1913 2423 2012 2474 more

408 2493 428 2564 ὲ
454 2487 607 2566 Saxonia
633 2486 828 2563 oriundus.

311 2677 313 2684 ,
461 2595 587 2691 Neque
611 2588 690 2665 heic
713 2595 958 2682 Saracenorum,
985 2589 1055 2666 srve
1079 2597 1168 2667 Ara·

408 2697 484 2786 bum
508 2691 598 2794 gella
625 2692 872 2793 praetereunda
897 2691 1001 2795 sunt3
1027 2719 1108 2766 narn
1135 2695 1169 2764 δι

264 2868 267 2874 λ
407 2795 469 2872 hie
497 2797 674 2895 Populus,
701 2811 745 2868 ex
771 2821 844 2893 quo
872 2799 1073 2868 Romanum
1101 2799 1168 2866 lm·

408 2896 546 3002 perium
574 2895 612 2971 in
639 2894 741 2970 seusta
765 2893 944 2971 concisum
969 2893 1104 2986 fuerat,
1128 2893 1171 2968 ad

407 3000 611 3102 portionem
648 2999 793 3098 praedae
823 2995 898 3098 ipse
922 3023 1064 3097 quoque
1100 3022 1170 3070 non

408 3099 523 3218 segnis
544 3099 773 3175 convolavit.
797 3101 943 3173 Saeculo
962 3097 1094 3174 chriti
1115 3103 1166 3172 Se·

406 3221 525 3302 ptrmo
551 3201 603 3272 ita
629 3224 751 3274 eorum
778 3198 871 3272 vires
900 3199 1105 3290 invaluere,
1132 3217 1172 3274 ut

1247 2487 1355 2563 armis
1374 2487 1525 2564 diremta
1544 2489 1608 2564 eli.
1629 2494 1858 2583 berengarius
1879 2502 1906 2572 Ι.
1928 2505 2011 2576 Dux

1247 2589 1451 2690 Forojulii,
1488 2593 1523 2664 oe
1564 2592 1684 2666 Guido
1720 2597 1855 2692 Spoleti
1899 2605 2010 2696 Dux,

1247 2691 1401 2783 aemuli,
1428 2693 1527 2767 varid
1554 2690 1695 2768 sortund
1730 2699 1820 2772 alter
1846 2699 2011 2780 adversius

1247 2795 1397 2866 alterurn
1416 2792 1460 2868 de
1478 2797 1621 2869 Corona
1641 2801 1917 2876 contenderunt.
1941 2806 2013 2879 Hi.

1247 2893 1301 2968 sce
1325 2911 1443 2968 autem
1465 2897 1682 2994 temporibus
1702 2925 1794 2972 nova
1814 2927 1834 2974 e
1853 2906 2012 3002 Septem·
2066 2895 2081 3000 ‚⁵

1247 2996 1364 3070 trione
1399 2997 1581 3096 tempestas
1617 2998 1655 3072 in
1683 3001 1825 3076 Italiam
1861 3003 1895 3080 se
1925 3009 2012 3082 effu·

1249 3097 1322 3172 dit:
1361 3097 1400 3172 in
1437 3125 1514 3172 earn
1550 3099 1680 3199 quippe
1716 3106 1890 3200 Hungarr',
1926 3133 2011 3208 gens
2073 3123 2084 3198 Γ.

1247 3197 1320 3298 ipsa
1363 3197 1503 3273 scritate
1544 3198 1723 3290 ferocior,
1764 3229 1804 3276 ae
1843 3211 2010 3284 omniurn
2075 3221 2085 3296 ἓ

406 3299 554 3378 Africae
591 3298 752 3400 regiones
789 3297 959 3372 Romanis
991 3301 1081 3374 olim
1109 3301 1169 3374 ob·
1194 3323 1226 3392 ι)
1248 3300 1479 3374 barbarorum
1507 3299 1769 3374 immanitatem
1799 3303 1872 3402 post
1898 3305 1932 3380 se
1958 3335 2013 3382 re.

406 3419 666 3502 temperantes,
695 3398 840 3474 Graccis
869 3417 955 3473 tunc
980 3397 1033 3473 ibi
1060 3399 1167 3496 impe·

406 3503 567 3581 rantibus
582 3500 795 3602 eripuerint.
816 3504 913 3576 Turn
928 3499 1076 3576 ineunte
1092 3506 1167 3575 Sae-

406 3610 490 3682 culo
525 3605 665 3680 Oblavo
702 3621 816 3678 totam
851 3603 923 3678 sere
958 3601 1166 3702 Hlspaniam

406 3706 634 3803 lacrymabili
677 3704 819 3778 excidio
859 3703 922 3778 libi
963 3703 1167 3796 subdidere,

406 3835 514 3908 quarn
540 3833 600 3909 per
623 3807 805 3906 complura
828 3807 970 3880 Saecula
989 3806 1077 3924 jugo
1103 3805 1165 3881 ser·

406 3909 538 3984 vitatis
588 3906 809 4010 presserunt,
850 3904 1017 3982 finitimrt
1059 3907 1166 3984 etiam

405 4009 541 4086 Galliis
566 4008 700 4085 inselli.
729 4013 853 4108 Neque
883 4007 963 4083 heic
989 4009 1085 4084 stetit
1109 4035 1164 4084 eo·

406 4139 487 4188 curn
522 4108 682 4186 fortuna.
720 4115 813 4186 Nam
851 4110 994 4186 circiter
1019 4113 1166 4186 Annum

406 4211 539 4290 christi
594 4216 885 4290 Dcccxxvtt
933 4213 1223 4316 quorumdamp

406 4312 612 4420 proditione
634 4313 740 4405 freti,
759 4315 921 4390 Siciliam
945 4313 1100 4390 insulam
1119 4312 1166 4389 se·

406 4413 610 4496 li'cilsrmam
646 4415 834 4516 paullatim
859 4417 898 4491 in
927 4413 1023 4492 suam
1058 4415 1162 4491 ditio·

404 4549 488 4598 nem
507 4516 734 4619 redegerunt,
754 4535 832 4591 tum
856 4513 967 4592 solum
988 4516 1071 4593 inde
1091 4520 1165 4618 pul·

406 4621 454 4718 li,
481 4646 591 4726 quum
625 4619 799 4696 Robertua
834 4614 1068 4710 Guiseardus,
1095 4618 1162 4720 eju·

408 4723 491 4822 sque
517 4723 625 4802 frater
652 4717 846 4821 Rogerius,
873 4719 1093 4795 celeberrimi
1124 4746 1167 4795 ex

408 4825 670 4902 Nortmanoica
704 4838 815 4942 gente·
842 4819 937 4906 viri,
972 4821 1167 4896 inclinante

409 4925 557 4998 Saeculo
580 4927 781 5004 Undecimo
804 4919 1027 4998 rmtnundum
1055 4925 1163 5018 Popu-

409 5025 486 5099 lum
513 5023 594 5096 inde
628 5028 788 5130 fugavit,
814 5023 875 5104 Ad
902 5020 986 5104 haec
1021 5024 1167 5096 Saeculo

1247 3401 1434 3499 linquens,
1463 3399 1699 3500 irruptionem
1735 3400 1912 3482 fecerunt.
1949 3409 2012 3484 Es·
2076 3405 2090 3505 ’,

1246 3500 1329 3577 feris
1348 3499 1443 3576 bisce
1460 3501 1607 3604 Populir
1625 3502 1792 3597 Scythia,
1809 3531 1899 3605 quae
1917 3535 2011 3586 nune
2076 3530 2079 3538 ’

1247 3602 1434 3692 Tartaria,
1461 3621 1580 3678 ortum
1606 3602 1696 3678 olim
1725 3605 1845 3699 dedit,
1874 3611 2011 3708 Ugrr'que

1247 3707 1282 3778 bt
1309 3704 1440 3802 Hungrr'
1465 3704 1634 3804 appellati
1662 3705 1779 3802 (unde
1807 3712 2012 3789 Pannoniae
2072 3721 2075 3728 '

1247 3806 1291 3881 ab
1317 3804 1398 3906 ipsrs
1425 3805 1584 3880 subaslae
1610 3805 1748 3880 acceffit
1776 3809 1889 3908 postea
1916 3819 2014 3888 Hun-

1245 3908 1359 4006 garr'aee
1377 3909 1532 4006 nomen)
1552 3903 1663 3982 iidem
1686 3935 1706 3981 a
1725 3913 1908 3987 nonnullis
1927 3913 2013 3991 fuis·

1250 4008 1285 4084 se
1310 4007 1493 4083 censentur
1518 4025 1623 4106 atque
1650 4009 1777 4086 Hunni
1805 4011 1865 4088 sub
1889 4017 2012 4090 Attila

1252 4115 1347 4211 Rege
1366 4106 1506 4183 samosr.
1520 4116 1654 4183 Avares
1672 4138 1835 4213 quoque,
1856 4141 1896 4188 ae
1916 4115 2015 4186 Turre·

1252 4209 1427 4286 nominati
1455 4207 1557 4302 sunt,
1585 4228 1624 4286 ut
1650 4217 1670 4286 l
1702 4215 2013 4314 Porphyrogenne·

1252 4333 1287 4388 ta
1322 4311 1361 4386 in
1398 4311 1481 4387 Lib.
1508 4312 1550 4386 de
1577 4313 1784 4388 Administr.
1822 4317 1949 4410 Imper.
1976 4317 2013 4390 dc

1251 4418 1271 4489 l
1297 4411 1436 4489 Valesro
1459 4414 1617 4516 congesta
1645 4417 1686 4488 ad
1713 4413 1923 4512 Panegyrim
1948 4420 2015 4492 Be.

1251 4516 1405 4617 rengarii
1431 4519 1541 4591 Tom.
1568 4521 1614 4588 11.
1643 4517 1723 4586 Rer.
1751 4515 1907 4591 Italicae.
1935 4545 2014 4623 pag.

1254 4643 1339 4716 393.
1357 4617 1376 4656 *
1402 4616 1485 4691 satis
1508 4613 1706 4692 evincitur.
1732 4618 1786 4690 At
1806 4618 2013 4713 Dandulus,

1252 4718 1386 4817 aliique
1405 4715 1584 4792 Historici
1611 4715 1776 4810 tradunt,
1800 4727 1933 4794 ..suam
1956 4719 2015 4796 seu

1253 4827 1388 4894 Horror
1412 4839 1514 4894 antea
1539 4819 1742 4895 Pannoniae
1767 4820 2013 4912 dominantes,

1251 4923 1295 4996 ab
1321 4919 1500 5023 ingruenti
1527 4925 1731 5019 Huegrorum
1767 4921 1904 5017 Populo
1930 4924 2018 5016 Scy.

1253 5021 1352 5098 tbico
1387 5017 1622 5132 profligatos,
1657 5021 1841 5120 solumque
1860 5040 2013 5198 fviisoeoe

1877 5149 1911 5196 ur
1942 5151 1961 5198 e

429 5184 433 5193 Ι
490 5221 507 5258 ’
530 5227 640 5286 Rm‘m
663 5229 758 5294 lulis.
781 5229 959 5312 Scriptorum
979 5229 1081 5308 Opus,
1101 5184 1263 5310 quodlbeir
1283 5225 1323 5289 G*
1344 5222 1421 5288 olibi
1440 5223 1569 5303 citetur,
1589 5216 1755 5286 Editiorem
1777 5216 1877 5286 innuit
1898 5222 2013 5287 Medio.

411 5301 578 5386 loreolam,
598 5321 691 5385 qaam
711 5305 851 5379 Societas
872 5309 1018 5382 Palatina
1037 5309 1193 5395 appellere
1212 5303 1330 5374 curauit
1350 5305 1389 5374 ab
1409 5313 1469 5376 an.
1493 5325 1550 5388 172
1552 5323 1583 5386 3.
1604 5299 1697 5384 usqae
1717 5299 1760 5368 ad
1777 5307 1901 5372 marm
1922 5305 2013 5401 1738.
