4626 6152
333 455 417 542 tte

625 426 1179 517 DISSERTATIO
1248 431 1530 528 SEXTA.

1752 472 1836 567 550

323 552 396 647 Ego
415 547 671 646 Aideprandur,
697 551 753 646 qai
779 548 872 620 Bella
890 548 964 641 sum
981 575 1036 620 oe·
1068 565 1103 638 A
1131 547 1230 650 regio
1249 576 1288 625 ac
1315 551 1479 628 Matthia
1504 553 1679 660 designata
1704 567 1794 660 olim
1820 568 1894 648 fue.

349 701 351 708 ·
375 671 486 742 raras,
512 649 668 724 Notarius
683 648 769 744 sacri
786 651 913 724 Palatii
939 650 1034 724 inrer-

369 753 452 878 fid,
489 757 532 824 Θ
566 753 666 846 bajas
699 753 911 842 tawssirarae
944 756 1038 827 breve

325 853 499 1030 Miiiiib
522 983 663 1060 quoque
690 959 799 1032 Firmi
823 985 895 1034 non
932 956 1037 1034 semel

275 1085 341 1160 ego
368 1065 674 1138 commemoravi.
712 1066 759 1136 Et
794 1059 958 1182 prosedio·
980 1087 1038 1136 an·

273 1164 374 1260 tiqua
401 1159 446 1233 est
475 1163 573 1236 illius
600 1163 778 1240 institutio
800 1191 840 1240 ac
859 1165 1037 1265 dignitas.

272 1267 352 1340 Leo
371 1263 586 1340 Marficanus
606 1267 689 1342 Lib.
712 1291 745 1340 2.
764 1270 852 1368 Cap.
867 1277 903 1342 6.
924 1264 1037 1342 Chro-

273 1366 346 1440 nic.
387 1363 562 1440 Casrneni.
606 1365 745 1468 praedia
781 1386 1069 1448 commemorat¹

1131 649 1208 740 rit,
1244 652 1375 730 additis
1409 661 1547 734 tantum
1575 680 1636 738 aut
1662 667 1785 746 excisis
1812 673 1895 752 inde

1132 751 1273 853 aliquot
1298 757 1408 833 locis.
1445 763 1492 835 Et
1519 763 1690 861 quoniam
1716 769 1754 844 in
1782 777 1896 854 Anti.

1131 855 1329 953 quitatibus
1359 859 1551 939 Estensibus
1586 872 1778 948 memoriae
1815 905 1895 976 pro·

1128 956 1232 1050 didi,
1263 961 1491 1039 Marcbiones
1518 966 1698 1044 Atesiinos
1725 980 1894 1054 Marabiae

1128 1065 1355 1136 Anconitanae
1388 1063 1592 1146 dominatos
1628 1068 1749 1168 fuisse,
1785 1105 1891 1179 quem

1129 1160 1278 1236 titulum
1298 1163 1354 1240 iiii
1379 1165 1442 1243 diu
1461 1170 1568 1246 etiarn
1589 1173 1787 1269 retinuere,
1817 1207 1893 1259 mo.

1129 1266 1310 1342 numentis
1336 1283 1421 1344 tunc
1458 1271 1497 1346 in
1523 1274 1598 1375 ejus
1623 1277 1674 1351 rei
1706 1280 1895 1362 confirma.

1129 1365 1265 1440 tionem
1293 1368 1474 1466 addudiis,
1501 1401 1595 1453 noua
1621 1405 1715 1454 nunc
1741 1381 1892 1486 adtexo,
2045 1431 2054 1439 ·

273 1465 384 1568 posita
411 1468 444 1537 in
471 1469 635 1543 Comitem
661 1471 870 1563 Marsicam,
896 1497 1037 1544 necnon
1064 1482 1094 1554 Β
1129 1493 1173 1542 ex
1200 1468 1364 1547 Archivo
1390 1473 1517 1552 Estensr
1543 1479 1747 1579 depromta.

273 1571 318 1640 θ
346 1569 494 1642 Marabia
521 1574 706 1666 Firmana,
733 1575 778 1645 (⁹¹
802 1579 932 1647 naara
955 1579 1032 1672 spa

272 1673 389 1745 lerino.
419 1672 541 1747 Petrus
568 1701 709 1774 quoque
738 1675 934 1770 Damiani,
970 1674 1033 1775 qui

272 1777 397 1850 Seruio
414 1773 545 1850 christi
567 1777 768 1853 Undecimo
783 1776 929 1870 floruit,
949 1776 1035 1853 baec

271 1874 445 1950 scribebat
480 1878 518 1953 in
555 1879 643 1954 Vita
679 1879 799 1954 Sanbii
840 1879 1032 1955 Romualdi

272 1981 360 2076 Cap.
398 2003 456 2076 30.
492 1980 535 2053 de
571 1985 708 2056 Ottone
745 1985 811 2056 111.
847 1981 1033 2084 Augusto,

271 2081 456 2154 conditore
483 2082 690 2158 monaterii
718 2081 837 2157 Saniii
861 2085 1031 2159 Adalber·

272 2182 304 2256 ti
347 2187 559 2257 Ravennaet
601 2185 666 2257 Cui
702 2187 851 2282 contigua
884 2186 1035 2258 Coenabii

268 2280 438 2376 Classenfir
460 2283 623 2382 praefidia
648 2286 803 2377 contraiit,
839 2287 885 2357 (9¹
908 2314 946 2360 ea
964 2286 1033 2375 sthi

1179 1573 1234 1644 Ex
1261 1573 1415 1650 locatum
1452 1580 1518 1673 est,
1555 1581 1717 1682 illudque
1751 1589 1786 1661 δι
1823 1619 1890 1695 ego

1125 1670 1164 1746 in
1174 1598 1303 1750 cissam
1314 1678 1607 1782 Antiquitatibus
1617 1685 1772 1781 ostendi,
1791 1696 1890 1770 Mar·

1126 1772 1245 1850 chiam
1273 1777 1401 1872 ittam,
1438 1785 1532 1882 quod
1559 1788 1592 1862 ei
1620 1789 1823 1878 dominatus
1850 1823 1890 1871 o·

1127 1877 1193 1950 lim
1221 1877 1330 1956 suerit
1356 1889 1544 1960 Warnerins
1569 1888 1690 1988 (five,
1727 1894 1821 1993 quod
1859 1899 1890 1973 i·

1127 1977 1207 2054 dem
1241 1981 1315 2075 est,
1354 1991 1579 2088 Gnarnerint)
1618 1993 1765 2070 natione
1800 2001 1890 2074 Ger·

1128 2105 1273 2172 manus,
1297 2102 1461 2185 coeptam
1481 2089 1581 2165 suisse
1605 2097 1775 2213 appellari
1791 2103 1890 2173 Mar·

1128 2183 1232 2254 rbiam
1259 2188 1456 2263 Guarnerir'.
1494 2194 1535 2265 In
1571 2193 1748 2296 originem
1786 2199 1890 2304 hujus

1126 2281 1285 2359 nominis
1312 2288 1448 2364 erudite
1475 2289 1678 2392 inquirebat
1697 2297 1831 2376 amicus
1851 2331 1890 2379 o.

270 2409 308 2456 err
332 2383 444 2477 fiscali
475 2383 649 2484 paffiffione
684 2389 719 2458 in
750 2387 927 2475 Finnenfis
959 2395 1032 2460 Mo·
1063 2408 1095 2480 C
1126 2385 1193 2459 lim
1216 2411 1328 2466 ,meus
1365 2394 1410 2463 D.
1439 2393 1573 2493 Gaspar
1608 2399 1771 2476 Berertus
1805 2407 1891 2481 Mo.

270 2487 418 2560 narchiae
440 2491 590 2584 parribus
607 2488 874 2586 recompensavit.
901 2488 1033 2590 Supine

268 2587 444 2661 nimium.
473 2591 624 2689 Corrige
650 2615 690 2661 ac
716 2587 854 2663 scribe:
893 2589 927 2661 in
954 2591 1029 2662 Fir·

271 2688 384 2772 mensis
402 2690 591 2763 Manebiae.
618 2687 747 2763 Itidem
769 2693 858 2790 Cap.
879 2711 940 2790 35.
961 2695 1024 2767 Ro.

268 2789 431 2863 mualdus
458 2788 500 2862 ad
526 2791 714 2866 camerinae
748 2794 940 2864 Provinciae
972 2805 1030 2866 Ca-

269 2891 362 2961 mires
390 2889 520 2965 venisse
546 2894 700 2983 dicitur,
737 2895 798 2968 ubi
834 2891 1030 2968 construdio

268 2989 514 3080 Monasterio,
549 2994 733 3083 clericos,
763 2993 825 3093 qui
849 3017 907 3092 per
931 3016 1030 3069 raram

123 3089 125 3096 ’
267 3092 360 3166 iiiam
382 3095 602 3168 Monarchiani
624 3117 684 3194 per
704 3097 871 3194 pecuniam
888 3096 1027 3173 ordina·

268 3192 300 3268 ri
320 3192 502 3286 solebant,
529 3195 763 3296 corripiebat.
783 3202 829 3273 Et
850 3198 929 3274 heic
946 3197 1026 3275 scri·

1126 2485 1258 2560 nacbus
1274 2489 1526 2604 benedittinus
1540 2496 1578 2573 in
1596 2499 1774 2579 Dissertat.
1792 2504 1891 2582 cho.

1125 2587 1780 2782 praemonstrant
1806 2611 1889 2806 tr:

1126 2789 1282 2890 primum
1308 2795 1414 2894 hujus'
1446 2801 1605 2877 nominis
1640 2807 1889 2888 Marchionem

1126 2891 1165 2964 in
1200 2919 1242 2966 ea
1281 2896 1426 2995 regione
1467 2899 1669 2980 institutum
1710 2906 1811 2986 suiise
1845 2915 1889 2989 ab

1125 2993 1286 3069 Henrico
1312 2998 1407 3073 inter
1432 3000 1608 3104 Augustos
1631 3007 1761 3085 Tertio
1784 3019 1891 3089 Gerar.

1124 3095 1247 3167 neriam
1271 3098 1404 3192 ilsur'n,
1431 3103 1530 3204 cujus
1556 3109 1695 3194 mentio
1721 3112 1768 3187 est
1794 3119 1886 3216 apud

1125 3195 1347 3298 Sigebertum
1382 3201 1421 3276 in
1457 3206 1617 3286 editione
1652 3211 1811 3318 Miraei3
1849 3221 1885 3294 dt

268 3295 311 3370 be
338 3296 551 3371 Manebiam:
589 3298 659 3374 fuit
694 3297 789 3374 enim
817 3299 906 3375 olim
934 3305 1026 3375 Mar·
1064 3329 1098 3398 D
1124 3299 1188 3397 qui
1214 3299 1360 3378 circiter‘
1382 3309 1531 3384 Annum
1558 3310 1690 3388 Christi
1717 3320 1805 3393 MC.
1831 3321 1887 3395 vi.

266 3397 337 3470 chia
376 3423 520 3498 quoquc
554 3401 738 3474 Camerini.
780 3405 906 3501 Neque
947 3402 1030 3479 saris

264 3496 407 3599 liquet,
443 3526 487 3574 an
504 3527 624 3598 ¹quum
653 3501 814 3576 audimus
849 3505 1032 3579 Manebiam

265 3603 454 3693 Camerini,
480 3605 664 3678 marchiam
691 3605 818 3692 Firmi,
846 3607 1030 3680 Marabiam

265 3709 447 3788 Anconae,
482 3703 641 3776 eamdem
669 3705 849 3793 reoionem
887 3705 948 3782 sub
975 3709 1025 3783 di·

265 3797 372 3873 versrs
400 3800 605 3873 nominibus
631 3803 837 3880 habeamus.
869 3811 962 3881 Nam
991 3837 1027 3884 u·

266 3900 298 3975 ti
326 3899 479 3971 Marabia
514 3901 692 3986 Taroistna
717 3931 787 3979 non
815 3907 885 3981 alia
911 3907 1028 3985 suitd

267 4001 421 4076 Manebia
448 4002 637 4096 Veronensi,
673 4032 737 4105 pro
763 4008 935 4083 varietate
962 4009 1026 4085 sei·

264 4103 354 4182 licet
393 4121 618 4200 temporum,
658 4133 698 4180 ac
734 4106 811 4182 sede
845 4107 1027 4184 Marchio·

242 4194 376 4294 num,
403 4206 455 4282 ita
473 4205 583 4282 etiam
607 4209 792 4312 contigiss'e
819 4211 961 4314 potuit,
988 4230 1029 4288 ut

268 4305 332 4385 sub
359 4299 472 4388 tribue
506 4309 713 4391 nominibus
740 4339 809 4391 uua
837 4315 1027 4418 eademque

1127 3398 1202 3475 xit.
1240 3405 1379 3506 Nempe
1406 3409 1575 3488 acciderit
1602 3417 1815 3495 turbulentis
1841 3421 1888 3498 iis

1126 3507 1369 3603 temporibus,
1387 3528 1427 3584 ut
1445 3511 1647 3590 Marchiam
1666 3519 1767 3594 illam
1788 3524 1889 3596 Hen.

1126 3603 1219 3678 ricus
1244 3606 1420 3686 Matbildi
1456 3615 1687 3713 comitissae,
1724 3623 1887 3702 Duciisae

1126 3705 1299 3800 Tusciae,
1325 3709 1518 3812 eripuerit,
1544 3719 1797 3798 &Guarnerio
1818 3725 1886 3804 mi·

1124 3807 1185 3880 liti
1221 3807 1284 3884 suo
1322 3815 1510 3914 regendam
1546 3819 1739 3900 tribuerit.
1777 3829 1887 3904 Porro

1124 3906 1165 3979 ad
1183 3907 1275 3983 bunc
1290 3909 1403 4009 ipsum
1420 3917 1596 4012 pertinere
1610 3925 1764 4006 arbitror
1773 3927 1887 4006 Char·

1122 4027 1195 4080 tarn
1221 4008 1493 4105 authenticam,
1554 4047 1633 4096 uam
1662 4027 1753 4101 mihi
1781 4033 1885 4108 obtu-

1120 4109 1167 4182 lit
1189 4109 1392 4188 Arcbirum
1418 4047 1577 4212 Estense,
1604 4125 1695 4202 unde
1713 4130 1755 4206 ad
1775 4132 1883 4210 ‘illius

1125 4211 1334 4390 Prpvin'ciae
1358 4214 1572 4298 Historiam·
1591 4226 1655 4305 lux
1681 4230 1806 4336 aliqua
1823 4253 1884 4336 'ac-

1120 4339 1158 4392 ce
1183 4333 1246 4393 et.
