4622 6140
494 413 586 505 err
795 397 1703 524 ANTQUJT.MEDH1AEV1
1905 422 1992 506 212·

436 531 527 607 dinis
553 529 651 618 iliius
673 525 861 628 'Episcopii,
888 529 1118 616 Rcdelandus,
1145 531 1198 599 Ἀ·
1230 521 1448 616 A¹'pt0prils,
1486 521 1530 592 (9¹
1553 530 1594 597 ab
1619 557 1721 604 eorum
1745 529 1854 608 anulis
1870 530 2052 628 sigillata,

323 719 327 727 ¹
436 639 618 727 delbertus,
655 633 809 730 Witegad
820 685 830 721 ,
858 629 1053 718 merbena,
1082 629 1127 702 (θ’
1156 635 1197 698 O·
1289 623 1333 692 &
1354 627 1378 692 ei
1396 623 1470 718 juia
1494 629 1702 702 Cancellariic
1719 635 1841 732 scripta
1859 635 1904 706 θ
1921 633 2049 729 emila,

436 740 597 811 delbertus
619 737 748 830 Vasalli
780 725 917 827 predillt'
950 727 1118 821 Presnlis,
1155 730 1199 801 (J
1284 746 1344 823 per
1369 730 1461 798 Data
1487 727 1532 796 θ
1560 729 1754 810 indiblione.
1790 741 1831 810 ln
1862 733 2050 829 jamdicta

437 840 554 936 reliqui
572 839 687 912 multi.
713 835 823 930 Ibique
841 855 943 902 eorum
964 831 1125 930 presentia
1141 859 1194 904 ve·
1290 826 1407 898 notitia
1422 829 1650 900 'continebatur
1675 833 1709 902 in
1735 862 1773 908 ea
1798 839 1881 908 inter
1914 839 2050 930 emnia,

438 941 529 1012 niens
563 936 690 1015 Laudo
730 931 923 1032 Episcopus
959 930 1064 1030 ipsius
1101 932 1197 1008 Sedis
1264 927 1428 1023 qualiter
1457 950 1515 1025 per
1538 930 1742 1003 Sanbliunem
1768 935 1854 1027 sacri
1887 941 2051 1039 Principia

434 1067 503 1112 una
518 1040 619 1126 fimul
637 1039 681 1108 (θ’
698 1035 896 1112 Adelbertus
908 1033 1043 1127 'Vasalla
1062 1035 1106 1106 (θ’
1119 1041 1198 1110 Ad·
1291 1029 1334 1104 (p
1347 1029 1560 1126 gloriostfflmi
1578 1033 1746 1106 Hlotbarii
1762 1040 1981 1133 imperatoris,
1994 1049 2052 1116 A.

303 1156 305 1162 ,
434 1163 546 1214 ww,
579 1140 659 1232 su„
699 1137 836 1234 affin„
868 1135 972 1228 saum
1007 1157 1200 1235 preceptoras
1289 1130 1430 1226 delgrsses
1454 1139 1564 1204 Comes
1587 1139 1774 1210 Cremonam
1806 1139 1982 1235 adveniffet
2005 1146 2051 1218 ad

431 1242 574 1341 paginas
597 1263 683 1334 tres,
719 1241 764 1313 Φ·
789 1237 937 1316 notitiam
963 1265 1060 1310 unam
1095 1239 1198 1336 inqui·
1287 1232 1529 1329 perquirendum
1551 1235 1699 1324 instituta
1721 1238 1878 1334 precepti,
1901 1266 1961 1336 que
1978 1251 2051 1316 Ka·

429 1343 585 1436 fitiotris,
620 1368 701 1445 quas
727 1339 790 1441 ipse
816 1346 961 1415 Damnat
985 1343 1201 1438 Berengeriur
1289 1343 1372 1406 relus
1397 1341 1471 1406 Reae
1506 1337 1541 1408 in
1567 1339 1676 1411 eadem
1709 1339 1882 1426 Ecclesiam
1916 1345 2050 1436 cpnceffit

432 1453 511 1520 Rex
535 1443 613 1520 ente
639 1445 676 1539 fe
701 1446 801 1539 legere
821 1439 906 1532 fecit·
922 1441 1100 1540 presentia.
1138 1443 1201 1516 Ubi
1229 1447 1258 1524 B
1287 1435 1487 1528 babendum,
1514 1437 1593 1526 idest
1617 1445 1716 1513 Curte
1739 1443 1894 1535 Cucullo,
1921 1445 1965 1514 θ
1991 1451 2052 1516 Τα.

434 1547 652 1646 cptrrinebatnr
677 1545 713 1620 in
735 1543 839 1640 primo
870 1563 1011 1640 precepto
1045 1543 1128 1616 inter
1152 1572 1196 1616 ce·
1287 1537 1399 1630 clrdr,
1425 1540 1660 1636 capraritias,
1687 1543 1731 1614 θ
1765 1543 1960 1641 Brivisula,
1987 1555 2053 1626 irna

435 1669 530 1741 ura,
569 1649 709 1750 quatiere
746 1646 900 1724 Karolus
935 1648 1012 1720 Rex
1049 1649 1199 1722 Franco.
1287 1665 1356 1710 cum
1390 1645 1484 1710 Porto
1518 1643 1701 1738 Vulpariolo
1727 1645 1795 1718 &a
1821 1649 1908 1718 Erat
1933 1648 2060 1722 notitia

435 1777 515 1826 tum
534 1753 570 1826 ἀ
593 1747 913 1850 Longobardotttm
930 1769 995 1850 ,per
1014 1747 1200 1850 petitionem
1290 1738 1359 1836 ipsu
1377 1738 1516 1831 firmata
1541 1769 1638 1812 manu
1668 1746 1802 1841 propria
1836 1746 1919 1820 idem
1943 1752 2053 1822 ardet·

431 1852 621 1949 sanliiffimi
656 1849 825 1954 Stephani
861 1847 1105 1924 Cremonensis
1134 1854 1199 1924 Ec·
1285 1839 1372 1937 gblfi
1392 1843 1556 1933 Comitis,
1593 1845 1638 1913 (θ’
1670 1845 1749 1917 aliis
1770 1849 1970 1940 Juat‘citus,
2007 1851 2058 1922 θ’

437 1953 539 2029 clesre
574 1952 768 2055 Episcopus
803 1948 981 2046 corceffiffet
1011 1951 1055 2024 cb
1087 1951 1197 2045 corfir-
1289 1941 1439 2038 reliquit,
1468 1943 1591 2042 scripta
1612 1966 1670 2040 per
1694 1973 1822 2020 manum
1855 1951 2051 2047 lngeprandi

435 2052 545 2154 maffit
559 2079 617 2156 prr
635 2056 715 2148 suar
731 2053 935 2128 auiiorirarer
957 2073 1117 2149 preceptor
1137 2081 1200 2126 om
1288 2043 1448 2136 Diaconi,
1485 2047 1529 2118 (θ’
1562 2042 1669 2142 emiffir
1698 2068 1757 2144 prr
1791 2058 1973 2148 Regnnrrun
2007 2053 2051 2124 cr

436 2183 492 2228 nes
516 2183 565 2228 res
590 2155 754 2256 Episcopii
778 2151 895 2228 siene
920 2156 1032 2228 Μανία
1056 2156 1099 2226 o
1116 2161 1199 2228 San·
1289 2143 1517 2219 Inllffimm·

436 2257 482 2329 ili
505 2257 684 2355 Stephani,
710 2258 794 2354 quod
819 2254 935 2328 ibidem
960 2259 982 2326 ὸ
1007 2257 1100 2352 longo
1124 2277 1201 2329 tem·
1339 2252 1538 2344 Preceptarar
1571 2247 1656 2346 ipsas
1690 2250 1734 2324 Φ·
1768 2254 1885 2326 notitia
1918 2254 2050 2344 ellenlm

433 2381 508 2458 pm
532 2360 640 2453 visum
664 2354 736 2454 eph
760 2355 918 2455 pertinere
942 2377 1009 2430 eam
1035 2357 1200 2446 Manapia.
1228 2357 1262 2436 c
1290 2347 1335 2418 (θ’
1359 2347 1478 2440 lebias,
1515 2350 1725 2448 interrogatus
1759 2353 1801 2442 eli
1837 2356 1901 2452 ipse
1937 2361 2050 2430 Lauda

369 2537 373 2542 ,
435 2463 511 2554 ria,
536 2486 690 2559 quamque
716 2461 760 2532 Θ
784 2459 1001 2550 Senrdacbia,
1010 2458 1068 2550 seu
1094 2461 1199 2536 Eccle·
1289 2448 1463 2546 Effllctptrt
1497 2453 1542 2521 δ’
1569 2455 1766 2526 Adelbemus
1792 2463 1983 2532 advocatas
2007 2463 2048 2532 ab

430 2563 500 2650 sias
518 2563 753 2660 Baptifmales‚
779 2561 835 2633 arel
854 2559 993 2656 reliquae
1014 2557 1203 2657 prffeffiones
1288 2551 1392 2622 eadem
1410 2555 1534 2624 Damno
1552 2557 1746 2652 Berengario
1765 2565 1876 2655 Rege,
1891 2581 1950 2658 per
1967 2567 2049 2658 quod

437 2668 483 2738 ad
507 2667 638 2736 eundern
657 2663 882 2760 Episcopatum
903 2662 1125 2762 pertinentes,·
1152 2664 1201 2734 irr-
1289 2677 1337 2722 0⁰5
1362 2651 1582 2738 ‘diffiderent-⁰
1616 2658 1687 2752 Qui
1711 2659 1885 2732 dixerunt:
1910 2716 1935 2752 „
1963 2661 2047 2738 Ideo

430 2765 528 2864 sseper
554 2767 597 2836 (y
618 2761 773 2860 junxtffet
791 2763 889 2860 ipsius
912 2763 1092 2836 venerabili
1116 2765 1200 2854 laco,
1289 2805 1314 2844 ‚,
1341 2778 1399 2826 eos
1419 2752 1478 2828 hic
1498 2754 1600 2830 vestri
1627 2757 1826 2836 ostenlinrus
1853 2761 2046 2861 presentia,

434 2869 494 2966 qui
515 2868 635 2940 dicitur
652 2867 783 2940 Tecledo
800 2892 868 2938 cum
886 2863 1058 2956 Brithula
1075 2865 1118 2934 'U'
1135 2870 1199 2935 Cu·
1289 2909 1314 2946 „
1341 2871 1380 2927 ut
1407 2854 1510 2930 vobis
1537 2859 1681 2958 cognita
1707 2860 1800 2955 fine,
1834 2865 1870 2936 &
1897 2890 1941 2938 ne
1966 2864 2046 2962 quit

435 2969 519 3042 callo
547 2969 592 3038 (θ’
619 2975 726 3039 omnia
759 2969 804 3038 ad
838 2965 907 3062 ipsa
941 2967 1007 3038 loca
1037 2966 1199 3062 pertinen·
1288 3009 1313 3046 n
1340 2955 1457 3032 dicere
1496 2961 1646 3053 valeat,
1686 2963 1782 3062 quod
1825 2992 1902 3065 pars
1943 2965 2046 3066 hujus

330 3077 332 3081 ’
437 3071 509 3162 tia,
537 3069 581 3140 o
606 3076 701 3141 Porto
728 3067 911 3165 Vulpariola
936 3065 1115 3152 transtrorio
1141 3068 1197 3138 mi·
1287 3111 1313 3151 .,
1339 3059 1582 3136 Cremonenfis
1621 3065 1774 3141 Ecclesre
1818 3093 1877 3142 eos
1921 3065 2046 3142 scilent

436 3174 534 3245 lirum
559 3173 652 3267 usque
679 3171 713 3241 in
739 3189 834 3270 caput
858 3170 982 3243 Addue
1006 3195 1074 3240 cum
1109 3170 1194 3240 moli·
1289 3213 1314 3251 ,‚
1341 3179 1402 3236 aut
1420 3163 1560 3238 occulte
1582 3167 1638 3240 rei
1658 3167 1883 3243 concludiose
1909 3167 2047 3244 habuis·

435 3295 512 3346 tura
531 3272 576 3342 (J
597 3293 740 3366 portarat
764 3269 859 3366 usque
884 3269 925 3340 in
945 3290 1039 3364 caput
1056 3271 1198 3342 Addat·
1228 3278 1261 3348 1)
1287 3315 1312 3352 ‚e
1340 3258 1413 3360 set;
1449 3263 1484 3334 ἃ
1521 3263 1615 3360 quod
1652 3267 1729 3363 plus
1764 3267 1836 3357 est,
1872 3267 1933 3344 iste
1968 3278 2046 3346 Leo

437 3378 477 3447 In
512 3373 578 3445 alio
612 3396 746 3468 namque
776 3389 917 3466 precepto
952 3370 1128 3446 continente
1164 3371 1198 3442 in
1289 3416 1314 3453 ‚,
1341 3361 1494 3438 Scarirro
1518 3363 1620 3464 hujus
1633 3365 1898 3458 Cremonenfis,
1917 3369 1952 3440 δι
1969 3369 2046 3443 Ad·

434 3501 470 3546 eo
495 3475 579 3546 inter
595 3493 714 3562 cetera,
741 3472 879 3570 qualiter
905 3471 1077 3546 Letharius
1100 3475 1197 3572 Impe-
1289 3517 1314 3555 „
1341 3479 1488 3540 vocatus
1507 3464 1629 3540 Curiis
1650 3467 1761 3542 nostre
1780 3468 1960 3568 sexpilas,
1981 3496 2045 3569 qul

438 3595 524 3651 rator
548 3569 751 3671 corfirmafl‘er
779 3595 838 3672 pra
862 3573 1009 3648 mercedis
1035 3571 1094 3664 sne
1118 3599 1194 3669 aug·
1289 3619 1313 3654 „
1340 3562 1399 3642 hic
1437 3565 1536 3641 vestri
1573 3567 1662 3641 adest
1698 3569 1892 3664 presentia,
1928 3571 2045 3667 queri·

439 3699 576 3750 mentum
601 3677 751 3775 quicquid
775 3681 820 3748 ael
843 3673 1001 3771 prefatam
1028 3672 1197 3760 Ecclestam
1288 3722 1312 3759 ‚,
1340 3691 1443 3757 mus,
1470 3685 1510 3742 111
1536 3666 1658 3759 dicat,
1685 3667 1708 3752 st
1737 3690 1897 3772 precepta
1924 3672 1985 3747 issa
2010 3674 2046 3748 δι

402 3857 405 3864 ,
441 3779 602 3878 Episcopii
625 3775 741 3850 Saaile
776 3777 885 3848 Μανία
912 3777 956 3845 θ
980 3775 1094 3848 sanni
1126 3781 1195 3847 Ste-
1287 3823 1312 3860 „
1340 3767 1507 3843 notitiam
1528 3769 1704 3866 Judicati,
1731 3799 1836 3872 quam
1857 3772 1916 3848 hic
1936 3776 2048 3848 olien-

437 3881 540 3979 plrani
564 3880 656 3974 longa
681 3899 815 3975 tempore
836 3884 941 3973 Reges
957 3876 1013 3947 vel
1038 3877 1198 3974 aliquibus
1287 3927 1312 3961 ,‚
1339 3867 1464 3960 simus,
1501 3871 1608 3944 bonas
1643 3875 1678 3947 δι
1706 3901 1786 3949 vera
1823 3875 1915 3968 sint,
1951 3880 1985 3951 δι
2022 3873 2046 3950 fi

441 3980 534 4054 liberi
557 3981 694 4058 hemines
718 3975 903 4078 largiffent,
929 3979 985 4049 vel
1010 4005 1048 4050 ea
1071 4003 1130 4076 qne
1146 3980 1195 4050 di·
1288 4027 1311 4064 ,‚
1339 3997 1392 4046 res
1418 3971 1499 4046 illas
1525 3971 1563 4046 in
1590 3976 1685 4048 locas
1713 3979 1892 4068 Cucullo,
1919 3980 2047 4052 Tecie·

440 4083 523 4154 vina
546 4083 652 4185 pietas
678 4083 793 4157 ibidem
821 4105 934 4177 argere
959 4077 1106 4176 voluiffet
1132 4108 1199 4158 cum
1287 4127 1311 4166 „
1338 4073 1410 4164 do,
1438 4072 1636 4164 Briuisula,
1662 4078 1696 4150 bt
1727 4081 1835 4152 Porto
1855 4079 2046 4178 Vulpario·

443 4184 527 4256 omni
553 4184 736 4286 integritate
761 4184 830 4258 &a
865 4187 905 4257 In
940 4181 1032 4257 tertia
1067 4207 1199 4282 namque
1233 4204 1310 4273 E„
1338 4178 1401 4266 lo,
1438 4201 1517 4250 cum
1546 4175 1747 4254 transitorio
1782 4179 1970 4270 militum,
2007 4206 2046 4256 u·

439 4307 580 4400 precepta
608 4285 783 4359 continente
822 4285 857 4358 in
892 4311 925 4356 ea
960 4284 1043 4356 inter
1075 4305 1199 4375 cetera,
1287 4335 1312 4372 „
1339 4274 1422 4376 sque
1447 4277 1486 4352 in
1513 4278 1623 4376 capud
1659 4281 1788 4355 Ardae
1822 4305 1903 4354 cum
1939 4279 2047 4358 moli·

442 4387 580 4488 qualiter
608 4391 751 4466 Damnat
787 4385 999 4463 Hludmoicut
1032 4390 1203 4483 imperaror
1287 4437 1312 4472 ,‚
1340 4395 1418 4454 tura
1443 4378 1486 4454 de
1521 4381 1737 4460 molendinis
1773 4383 1807 4456 δι
1844 4383 2045 4481 portoeibus

441 4513 498 4589 per
519 4489 705 4588 petitionem
723 4486 888 4558 Benediili
911 4486 1123 4572 Cremonensis
1141 4494 1198 4560 Ec·
1287 4537 1311 4572 „
1338 4479 1444 4579 usque
1478 4480 1518 4556 in
1554 4482 1664 4582 capud
1700 4481 1850 4574 Adbuc,
1885 4480 1971 4558 ficut
2006 4485 2045 4560 irr

345 4601 348 4608 ’
443 4590 531 4679 elafie
564 4589 713 4690 Episcopi
738 4585 962 4683 confimaffet,
1000 4589 1044 4660 tm
1073 4589 1195 4684 jaracis
1285 4637 1309 4674 ,‚
1336 4581 1466 4658 eildem
1493 4582 1665 4683 preceptis
1701 4583 1854 4684 legitur,
1890 4586 1933 4660 de
1969 4611 2046 4685 pars

437 4695 568 4791 serpet
595 4693 651 4786 soi
675 4711 815 4788 precepto
848 4691 999 4788 quiequid
1023 4696 1066 4762 aa
1095 4691 1199 4787 prefa-
1286 4741 1311 4776 ‚,
1339 4685 1494 4781 predibie
1519 4685 1643 4761 Curtis
1670 4685 1780 4762 vestre
1806 4684 1956 4785 Sespilas
1983 4713 2051 4774 tro-¹

440 4816 509 4868 tare
535 4793 703 4880 Ecclefiam
729 4792 941 4877 Cremonenſss
965 4793 1115 4889 Epestapi
1135 4799 1198 4864 Re·
1284 4843 1309 4879 „
1332 4786 1391 4867 ,bis
1426 4789 1446 4862 i
1484 4813 1560 4886 pars
1595 4785 1699 4888 hujus
1738 4785 1921 4886 Episcopii
1958 4791 2074 4888 Cre·v

412 4921 497 4992 ,get
512 4898 566 4970 vel
584 4897 774 4996 quibuslibet
790 4893 928 4972 homines
944 4891 1107 4990 largiflem
1132 4895 1200 4966 (tc.
1284 4945 1308 4983 „
1335 4886 1508 4964 morrenfis
1552 4889 1792 4966 contradicere
1826 4904 1948 4986 queret
1983 4905 2046 4963 aut

443 5001 552 5070 Erant
574 5019 715 5098 precepta
743 4997 827 5094 ipsas
851 4995 1001 5090 firmata¹
1016 4997 1060 5066 (θ’
1084 4997 1125 5068 ab
1152 4996 1200 5090 ip·
1284 5046 1309 5082 „
1336 5017 1438 5064 non.
1464 5045 1490 5083 „
1524 4993 1596 5089 Qui
1632 4991 1676 5064 (θ’
1710 4990 1774 5086 ipse
1808 4996 1872 5062 Leo
1905 4990 2050 5074 scavino

436 5099 486 5186 fis
520 5103 662 5200 Regibus
696 5102 742 5175 θ
774 5097 1018 5220 imperatoribus
1057 5097 1204 5172 manibus
1285 5095 1329 5166 (2¹
1352 5089 1546 5170 Advocatus
1579 5121 1617 5168 ete
1649 5095 1748 5168 rrerbo
1780 5091 1824 5164 θ’
1854 5093 2050 5268 precqprione

557 5257 560 5264 ,
1800 5261 1805 5270 ,
1915 5219 1998 5266 rem
