4560 6146
309 455 393 544 η,
611 345 1139 508 υιεέειιτΑτιο
1197 413 1502 516 crarta,

1725 378 1827 524 nc

242 569 333 652 gnus
345 541 524 648 delegisset
536 535 743 616 cadmiam
756 532 877 610 filium
891 532 1015 626 suum,
1040 539 1078 612 A
1111 531 1218 627 tius,
1240 562 1353 634 quum
1380 541 1567 644 Collegam
1595 541 1659 622 libi
1683 573 1724 623 ac
1750 545 1882 633 succel-

241 675 351 752 quem
376 649 433 724 tii
452 658 699 748 cognomento
721 635 912 739 posteriora
932 641 1012 716 See.

240 755 319 829 cula
344 752 544 837 donarunt,
562 748 678 819 Anno
698 741 938 817 Dcccxlu.
956 743 1008 816 A·

241 852 470 956 quisgranum
508 843 730 924 convocavit
770 843 934 920 Comitia
969 843 1012 916 dr

239 961 335 1030 Omni
361 965 499 1052 Regno,
520 953 580 1026 vel
606 947 739 1048 imperio
756 947 840 1041 [aa.
867 951 917 1020 Er
939 972 1007 1020 con·

239 1082 398 1133 umerum
433 1053 608 1152 Episcopi,
629 1053 801 1142 mones,
828 1050 874 1122 θ
903 1052 1008 1122 Comi·

239 1180 310 1253 ter,
337 1159 383 1232 θ’
409 1167 550 1233 senam
572 1159 765 1227 Francorum
796 1153 845 1224 ad
869 1155 1005 1247 impera·

238 1281 364 1336 unm:
389 1258 471 1334 sunt
494 1257 600 1332 verba
631 1251 808 1330 chronici
843 1250 1005 1328 Moiffia·

241 1351 379 1440 cen'fis.
414 1365 466 1435 Ea
495 1355 674 1434 occasione
707 1357 860 1430 Carolus
895 1356 1010 1430 habuit

1108 635 1221 712 sorem
1264 639 1304 714 in
1343 645 1499 744 Imperio
1537 647 1721 726 decernere
1761 658 1883 735 voluit

1109 740 1299 814 barbariam
1321 742 1440 822 lilium
1464 745 1586 825 suurn.
1611 755 1653 826 ln
1674 756 1762 830 Vita
1780 761 1881 835 Wal.

1108 844 1164 918 lae
1189 845 1375 938 Abbatis,
1412 849 1548 948 publici
1586 853 1674 951 juris
1708 856 1800 934 fauo
1835 864 1880 940 ab

1109 943 1249 1021 eximio
1285 948 1367 1024 viro
1392 949 1556 1041 Jobanne
1589 957 1812 1037 Mobillonio
1838 963 1879 1044 in
2011 959 2016 972 ⁸

1110 1046 1193 1122 nu.
1230 1048 1388 1126 Sanblor.
1413 1055 1542 1132 Ordin.
1578 1059 1698 1134 Sancti
1729 1065 1879 1142 benedi·

1107 1148 1181 1242 ui,
1200 1152 1309 1226 Tom.
1326 1179 1364 1250 4.
1383 1180 1464 1258 pag.
1486 1181 1571 1256 512.
1591 1160 1784 1241 Lotbarius
1802 1167 1877 1268 ipse

1111 1272 1245 1352 patrem
1275 1253 1376 1330 suum
1405 1257 1461 1334 his
1496 1259 1614 1336 verbis
1642 1266 1873 1364 alloquiturc

1109 1361 1169 1425 Mc
1184 1357 1351 1449 confinem
1373 1362 1474 1434 totius
1491 1364 1622 1461 Imperii
1638 1368 1801 1454 Celfimo
1817 1391 1879 1446 ve·

241 1464 409 1548 confilium
444 1489 511 1536 cunr
545 1458 703 1556 praefatis
740 1457 928 1554 Episcopis,
965 1457 1011 1528 (θ’
1039 1469 1069 1542 Β
1100 1454 1172 1541 stra
1189 1485 1255 1532 una
1275 1487 1346 1532 cum
1366 1466 1537 1536 voluntate
1555 1469 1674 1562 Populi
1693 1471 1874 1558 constituit.

239 1569 451 1654 abacto,
480 1564 524 1634 Ψ
557 1559 756 1650 Comitibur,
780 1561 829 1630 θ’
863 1558 1005 1654 Majeri.

241 1671 304 1744 bar
327 1689 403 1740 ratu
424 1670 640 1756 Francorum,
660 1683 701 1734 art
724 1661 942 1749 constitutorem
957 1658 1003 1754 fi-

239 1771 325 1842 diora
342 1768 435 1859 stram
462 1765 663 1838 Ludovicam
687 1771 810 1860 Regem
834 1764 883 1834 (Ψ
908 1767 1007 1860 impe·

240 1891 393 1942 ratorerr.
410 1871 485 1964 Qui
506 1891 612 1940 omnes
634 1867 757 1962 pariter
778 1864 1009 1958 consenserunt.

237 1970 344 2046 Paria
369 1973 468 2071 legas
494 1965 587 2068 apud
616 1966 825 2066 Theganunt
855 1963 1006 2042 ilistori-

235 2097 344 2164 cum,
376 2073 436 2147 uti
468 2071 578 2146 habet
614 2065 863 2144 nocturnus
895 2070 1005 2143 Tom.

239 2197 277 2250 ι.
305 2173 475 2270 Scriptor.
511 2170 673 2248 francic.
700 2197 778 2271 pag.
813 2170 900 2266 276.
923 2176 1008 2242 Cum

232 2277 323 2348 enni
334 2278 493 2367 exercitu,
509 2274 695 2372 Episcopis,
707 2275 917 2362 Arboribus,
933 2277 1003 2346 Du-

1109 1558 1214 1633 Alibi
1246 1559 1344 1634 idem
1379 1557 1534 1663 repetit,
1558 1567 1703 1662 dicens,
1731 1570 1764 1645 se
1789 1601 1874 1648 con·

1107 1658 1269 1736 stitutum
1294 1664 1317 1738 d
1343 1665 1534 1742 Ludovico
1550 1669 1753 1767 Succeffirrem
1775 1679 1876 1750 coriae

1107 1765 1315 1838 Monarchr'ae
1346 1793 1417 1839 cum
1444 1771 1615 1845 uoluntate
1645 1777 1692 1846 θ
1716 1777 1875 1873 Consrrfir

1107 1865 1262 1938 omnium.
1287 1870 1442 1967 Ergo&
1467 1870 1547 1947 heic
1569 1878 1773 1976 excogitare
1798 1880 1874 1981 pos·

1107 1964 1245 2055 sumus,
1280 1966 1380 2048 suum
1416 1968 1519 2048 fuine
1551 1976 1672 2050 iocum
1710 1984 1873 2057 Romano

1111 2068 1278 2146 Pontifici
1311 2097 1354 2146 ac
1382 2073 1599 2152 Primatibus
1636 2081 1786 2174 Italiae,
1812 2111 1873 2159 eo·

1106 2197 1174 2266 que
1208 2172 1343 2273 magis,
1371 2177 1466 2274 quod
1494 2205 1566 2252 non
1601 2199 1707 2256 antea
1736 2186 1874 2260 Lotba·

1081 2273 1179 2346 'rius
1202 2277 1402 2374 appellatus
1436 2277 1482 2354 ell
1510 2284 1734 2382 Imperator,
1762 2291 1873 2385 quim

236 2379 353 2471 dhar,
387 2379 595 2468 munina,
634 2373 850 2474 nocopficis,
892 2375 1007 2448 babuit
1040 2379 1073 2451 C
1106 2377 1286 2452 Coronam
1311 2379 1346 2452 e·
1364 2403 1474 2455 manu
1508 2383 1647 2458 Summi
1684 2387 1874 2464 pontificis

233 2484 362 2582 grande
393 2481 582 2580 colloquium
611 2505 685 2552 eum
718 2477 768 2550 eis
800 2473 1008 2573 Aqutgrano

237 2585 392 2674 Palatio,
416 2584 616 2681 interrogans
639 2583 790 2652 amnesi
812 2579 949 2651 maximo
971 2606 1001 2650 u·

232 2689 313 2785 sque
342 2689 391 2760 ad
414 2687 603 2776 minimum,
622 2681 657 2770 st
677 2683 730 2754 eis
760 2677 944 2780 picardiae,
972 2702 1008 2754 ur

236 2815 353 2861 nomer
374 2789 489 2880 sunm,
512 2789 592 2874 idest
620 2784 843 2878 imperatoris,
856 2781 935 2876 filio
949 2783 1008 2878 suo

243 2889 416 2962 Lcrdmuico
432 2884 637 2981 tradidisset.
658 2891 786 2985 Neque
804 2884 901 2960 secus
922 2884 1007 2959 baec
1047 2941 1055 2946 .

241 3005 367 3064 narrat
393 2989 527 3062 nobilia
554 2986 751 3062 Histoticus
784 2985 1006 3088 Eginltardus

243 3089 287 3166 in
314 3092 403 3166 uin
424 3089 551 3165 Caroli
586 3087 710 3190 ipsius.
744 3093 805 3164 An
835 3087 1006 3190 ejusmodi

239 3189 422 3268 Comitiis
447 3189 673 3267 interfuerint
697 3191 827 3294 Legati
852 3188 1005 3266 Romani

1106 2479 1296 2576 receperit.
1327 2483 1513 2558 Servatum
1538 2511 1684 2586 quoque
1708 2489 1874 2565 eumdem

1105 2578 1215 2656 ritum
1250 2581 1297 2656 in⁴
1325 2581 1501 2660 eleblione
1535 2590 1697 2662 Ladmici
1728 2595 1776 2667 ii.
1811 2619 1875 2698 par

1103 2680 1149 2756 eil
1173 2681 1335 2760 credere.
1469 2753 1473 2760 .

1155 2789 1209 2859 Ar
1243 2785 1436 2864 Ludovico
1464 2791 1512 2864 11.
1539 2793 1558 2864 i
1588 2791 1687 2868 viris
1713 2792 1784 2874 stne
1817 2796 1874 2872 so·

1105 2888 1184 2959 bole
1208 2885 1368 2978 sublato,
1391 2888 1489 2962 inter
1509 2893 1636 2965 Caroli
1654 2897 1785 2994 Magni
1811 2923 1874 2991 po·

1104 2984 1206 3060 steros
1221 3055 1226 3060 .
1241 2986 1367 3086 ingena
1392 2986 1522 3063 exarstt
1557 2990 1762 3085 dillidium,
1789 3021 1875 3070 con.

1105 3087 1330 3164 tendentibus¹
1356 3086 1529 3189 singulis,
1556 3109 1601 3167 ut
1627 3091 1691 3169 fibi
1721 3096 1873 3198 quisque

1106 3189 1298 3288 Imperium
1335 3193 1579 3269 Romanorum
1615 3196 1799 3275 aliereret.
1826 3205 1875 3275 E·

243 3293 455 3386 Pontificis,
481 3295 516 3367 δι
543 3291 731 3396 Episcopi,
757 3319 798 3368 ac
825 3293 1007 3390 Principes
1044 3303 1074 3372 D
1106 3289 1257 3392 jusmodi
1296 3294 1606 3393 opportunitatem
1645 3325 1718 3374 non
1756 3299 1873 3402 segnis

242 3397 392 3489 ltaliae,
417 3423 492 3470 non
522 3395 660 3496 liquet:
687 3394 927 3470 nihilominus
953 3394 1004 3468 in·

239 3496 399 3604 termille
420 3525 590 3598 perquam
612 3496 786 3573 credibile
804 3497 876 3588 eli,
896 3522 1020 3596 quan-v

239 3599 290 3674 do
306 3599 381 3700 jam
405 3600 563 3675 vidimus
582 3597 790 3675 confluxisse
812 3598 902 3674 illuc
924 3603 1004 3672 Pro·

239 3727 336 3776 ceres
354 3709 395 3774 de
409 3704 498 3774 omni
517 3709 652 3800 Regno,
663 3703 723 3774 ves
737 3703 890 3800 imperio.
904 3703 1006 3808 l'rae·

240 3804 347 3894 cipue
363 3810 450 3878 uero
462 3829 554 3904 opus
569 3823 669 3897 erat,
681 3823 725 3878 ut
744 3801 898 3879 Romani
914 3805 1004 3877 Pon·

241 3903 354 3980 cilicis
379 3903 510 3980 aliensu
533 3904 667 3981 eleiiio
691 3905 761 3980 illa
786 3903 1005 3981 firmaretur.

240 4011 293 4084 Et
330 4005 411 4083 sane
450 4005 657 4083 Ludovicus
693 4005 792 4082 idem
831 4005 1007 4108 Augustus

243 4107 404 4186 Remenli
430 4109 469 4190 iu
496 4107 593 4182 Urbe
616 4107 822 4200 conststcna,
845 4109 1008 4198 curarit,

1104 3393 1261 3490 captavit
1285 3394 1464 3485 lohannes
1493 3401 1599 3473 vlu.
1629 3403 1744 3501 Papa,
1768 3407 1806 3477 ἃ
1832 3431 1874 3478 u·

1103 3521 1148 3569 na
1172 3519 1255 3570 curn
1281 3522 1326 3570 eo
1352 3496 1474 3571 italici
1511 3499 1718 3620 Principes,
1743 3521 1786 3578 ut
1812 3531 1875 3578 ex.

1103 3594 1204 3672 clusis
1237 3614 1442 3672 exterorum
1480 3598 1598 3692 untia,
1633 3599 1699 3700 apsi
1737 3607 1873 3706 Regem

1102 3701 1138 3772 δι
1167 3697 1363 3799 Augustum
1390 3699 1584 3800 eligerent.
1608 3705 1874 3782 intercurrente

1103 3800 1216 3900 igitur
1241 3799 1393 3876 immani
1419 3801 1618 3896 donorum,
1635 3805 1673 3878 δι
1701 3808 1872 3904 pecuniae

1104 3901 1227 4000 cupii,
1254 3903 1415 3998 pluribus
1437 3903 1551 3980 etiam
1575 3906 1777 4005 promiffir,
1799 3909 1875 3986 inr-

1106 4001 1260 4101 petravit
1271 4007 1548 4078 Cantuscatvus
1561 4011 1776 4084 Francorum
1794 4015 1872 4087 Rex

1105 4108 1125 4178 l
1154 4109 1318 4180 Romano
1346 4105 1544 4200 Pontifice‚
1568 4109 1767 4210 ceterisque
1804 4118 1875 4190 lta·

242 4230 284 4288 ut
306 4209 503 4310 Stephanus
530 4211 595 4283 lV.
615 4211 709 4304 Papo
733 4209 773 4285 itt
795 4209 935 4286 Gallias
954 4237 1005 4284 ac·
1040 4231 1071 4302 Ε
1104 4205 1178 4282 liae
1211 4203 1461 4306 Principibus,
1486 4207 1528 4284 in
1555 4211 1711 4310 publicis
1744 4215 1876 4292 Comi·

241 4313 337 4392 citus
361 4313 425 4390 libi
451 4315 635 4387 Coronam
661 4310 882 4409 imponeret:
911 4311 1007 4410 quod

241 4417 366 4496 taum
392 4419 502 4489 Anno
524 4411 662 4488 Christi
692 4416 929 4490 ucccxvt.
956 4415 1009 4490 uti

244 4516 490 4622 praelaudatus
511 4513 759 4618 Eginbardus,
776 4515 914 4616 aliique
932 4518 1008 4590 An·

243 4618 392 4698 natiuae
429 4619 557 4692 franci
595 4618 777 4719 produnt,
816 4616 1009 4718 multisque

243 4719 415 4798 describit
442 4718 629 4796 Ermolduc
658 4720 825 4822 Nigellus
860 4721 944 4799 Lib.
975 4747 1009 4797 a.

245 4820 426 4900 Poematis
450 4819 494 4896 de
519 4821 605 4896 Reb.
623 4823 705 4922 gell.
724 4822 905 4900 Ludovici
929 4821 1010 4915 Pii,

245 4929 342 5001 Part.
377 4927 426 5000 11.
459 4925 572 4998 Tum.
609 4926 655 4998 ll.
684 4929 766 5002 iler.
801 4925 1007 5001 Italicarum

249 5027 353 5100 ime
386 5027 467 5102 erui
494 5025 572 5102 ati.
610 5023 770 5103 Parentis
802 5027 1007 5126 exemplum

245 5125 411 5204 imitatus
446 5051 496 5204 el
533 5127 649 5231 pollen
685 5127 896 5208 Ludouicua
934 5127 1009 5230 ipse

1105 4309 1169 4384 tiis
1196 4312 1360 4409 Regnum
1386 4309 1576 4406 italicum,
1602 4308 1775 4416 fimuique
1803 4319 1875 4392 lm.

1106 4417 1321 4512 peratoriutu
1357 4434 1512 4506 nomeu,
1547 4435 1657 4513 atque
1688 4421 1872 4492 soronam

1107 4517 1219 4588 Anno
1253 4515 1562 4594 Dcccuxxvt.
1590 4521 1705 4592 Extat
1739 4515 1873 4608 iliustre

1106 4613 1211 4718 hujus
1247 4616 1300 4692 rei
1332 4615 1590 4694 documentum
1625 4618 1666 4696 in
1698 4617 1873 4694 Concilio

1102 4715 1232 4792 Ticini
1252 4716 1379 4794 eodem
1402 4723 1513 4794 Anno
1530 4719 1677 4810 habito,
1696 4715 1793 4820 quod
1812 4717 1875 4796 ha·

1103 4820 1165 4896 bes
1192 4823 1287 4896 Part.
1315 4823 1362 4898 11.
1389 4819 1504 4896 Tomi
1532 4823 1580 4896 ll.
1617 4823 1698 4894 Rer.
1730 4819 1875 4898 Italica.

1103 4947 1206 5000 rum.
1232 4921 1287 4998 lbi
1313 4925 1518 5023 complures
1550 4919 1745 5022 Episcopi,
1772 4922 1875 5000 Prin·

1101 5022 1268 5126 cipesque
1302 5023 1493 5103 famularer
1529 5021 1649 5098 italici
1688 5026 1804 5126 Regni
1830 5027 1873 5110 in

1100 5151 1215 5210 unum
1240 5125 1544 5219 condimenti
1568 5123 1673 5228 priua,
1693 5126 1872 5302 elesfiiione

1715 5253 1754 5334 up
1782 5251 1822 5326 ¹⁸⁸,
