4534 6164
1029 2 1072 40 Ι

369 385 373 392 ·
463 327 551 451 'sap

779 319 1183 456 aurinum.
1229 336 1458 428 manis
1512 287 1687 432 Arri

1873 349 1961 440 628

402 445 483 543 ist,
512 437 619 528 senso
646 447 687 528 ad
717 467 877 554 tempora
905 457 1074 559 Huponia
1100 463 1169 534 Ita»
1200 463 1231 538 Δ
1256 460 1470 548 retinebatur,
1484 460 1567 546 ficut
1584 463 1672 554 infre
1689 461 1886 535 continetur.
1905 470 1944 536 sn
1963 491 2021 536 sse·

405 539 478 632 siat
507 553 633 654 Regis.
669 555 739 630 sna
766 553 890 654 primis
924 551 1025 640 iliius
1051 561 1167 660 Regni

403 642 507 733 annia
533 644 661 733 Palatii
685 657 867 734 Comitem
892 661 1041 736 invenio
1065 665 1162 756 (sissi-

402 761 545 846 bertum,
571 783 676 858 quesn
712 765 824 836 Anno
860 765 1166 840 Dccccxxvl.

400 857 475 958 ipse
501 862 577 932 Rex
604 859 644 934 in
671 859 864 966 privilegio
890 865 1049 942 concesso
1076 868 1162 944 Gui-

313 1031 320 1042 ,
399 959 486 1034 doni
508 959 683 1062 Episcopo
712 965 940 1058 Placentino,
963 987 1070 1066 atque
1091 969 1160 1046 edi·

399 1079 440 1140 to
464 1061 501 1136 in
527 1063 659 1138 Histoe.
678 1066 811 1140 Eccles.
834 1071 990 1145 Placent.
1015 1073 1034 1160 i
1058 1075 1159 1148 Cam·
1190 1148 1191 1156 ,

400 1163 462 1263 pio
488 1167 596 1239 Tam.
620 1169 648 1240 I.
674 1193 750 1270 pag.
774 1173 861 1270 483.
885 1176 1040 1276 appellat
1063 1176 1160 1268 Gis&
1189 1199 1192 1272 j

399 1269 520 1337 bertum
543 1268 635 1339 Sacri
659 1269 672 1370 (
685 1269 765 1348 heic
789 1275 899 1350 etiam
923 1276 1164 1364 animadverte

1256 563 1339 638 mint
1353 563 1417 636 Dei
1430 565 1567 640 ueremi.
1584 573 1650 662 Ugo
1659 565 1769 662 gratio
1785 568 1850 639 Dei
1863 574 1954 644 Rea.
1966 619 1974 638 .
1984 619 1996 640 .
2008 621 2023 640 .

1256 662 1389 762 reliqua
1424 662 1678 742 desiderantur.
1712 668 1749 742 si
1783 669 1867 764 quia
1897 668 2022 768 conje-

1255 764 1373 840 siurae
1399 767 1519 858 loeus,
1542 772 1655 842 sarilo
1674 767 1734 844 isse
1759 769 1851 843 idem
1880 767 1949 844 suit
1972 795 2017 844 ae

1253 869 1360 938 sartio
1385 871 1652 966 Burgundionum
1684 899 1723 944 en
1743 891 1838 966 gente
1868 872 2020 967 progeni·

1255 991 1327 1060 tus,
1344 993 1449 1068 quem
1473 969 1571 1072 saepe
1593 992 1805 1048 memoratus
1825 972 2021 1070 Liutpraa·

1247 1068 1316 1150 idus
1336 1070 1531 1146 Ticinenfic
1551 1071 1748 1148 Historicus
1768 1075 1850 1148 Lib.
1873 1095 1906 1166 ς.
1924 1077 2016 1173 Cap.

1236 1195 1290 1244 ¹a..
1314 1172 1363 1246 ab
1394 1176 1546 1274 aragone
1579 1180 1672 1275 Rege
1707 1177 1846 1250 missum
1876 1175 2016 1264 tradit,

1247 1291 1292 1354 ‚ut
1317 1276 1337 1346 ἑ
1364 1277 1553 1372 spoletano
1577 1281 1717 1350 Ducatu
1744 1279 1910 1370 deiiceret
1937 1281 2015 1352 An·

399 1370 614 1446 vocabulum
635 1375 750 1476 Sacri)
771 1378 900 1450 Putatis
916 1378 1087 1476 gussiesum
1104 1385 1162 1450 Ca.
1198 1371 1225 1442 Β
1256 1373 1426 1448 schariuoe
1462 1381 1618 1451 Ducem:
1652 1379 1747 1478 quod
1776 1381 1811 1453 &
1848 1381 1912 1452 isle
1942 1379 2016 1480 posi

399 1472 526 1547 mirem.
555 1477 640 1577 Ejus
667 1503 812 1577 quoque
843 1505 977 1552 nonan
1008 1479 1162 1554 servavit

399 1575 503 1650 nobis
529 1581 682 1653 alterum
710 1581 882 1678 Diploma
906 1579 1059 1682 ejusdem
1087 1587 1160 1658 Hu-

399 1679 525 1780 gonis,
551 1679 646 1754 infra
670 1680 713 1772 in
747 1682 926 1758 Dissertat.
957 1687 1058 1758 Vsss.
1084 1711 1160 1784 pro·

400 1785 499 1858 nime
538 1781 699 1881 sequenti
738 1783 1000 1888 evulgandum.
1041 1789 1162 1884 Atque

399 1884 459 1960 hic
484 1911 554 1961 non
580 1886 671 1960 alius
695 1883 868 1960 sententia
891 1889 966 1960 mei
989 1885 1088 1960 fuisse
1112 1889 1156 1962 vi·

400 1987 503 2060 detur
523 1989 566 2058 ab
586 1986 677 2068 illo,
698 1987 760 2084 qui
781 2007 860 2062 ante
886 2013 1014 2088 paucos
1033 2014 1158 2063 annos.

399 2088 626 2188 Liutprando
650 2087 731 2160 tesia
753 2088 883 2162 Histoe.
908 2090 993 2164 Lib.
1008 2109 1050 2164 a.
1074 2095 1163 2176 Cap.

1254 1473 1379 1550 surum
1413 1479 1587 1576 proeli-um
1625 1479 1781 1580 peregit.
1820 1483 2019 1556 interemto

1255 1595 1370 1653 autern
1398 1579 1595 1660 Anschario
1612 1585 1749 1655 sarens
1782 1585 1939 1656 Maeuia
1963 1584 2017 1674 ss·

1255 1705 1321 1752 eure
1344 1682 1485 1776 paritur,
1511 1693 1557 1754 Θ
1584 1691 1657 1756 Reae
1683 1685 1778 1778 Hugo
1808 1685 1929 1780 gaudio
1956 1686 2015 1756 im·

1257 1781 1355 1874 menso
1380 1781 1540 1876 afficitur.
1564 1787 1724 1858 serilonis
1747 1787 1947 1862 Manbims's
1968 1785 2015 1864 est

1257 1883 1390 1957 mentio
1416 1885 1454 1958 in
1477 1885 1660 1960 Chronico
1684 1884 1835 1962 farfense
1865 1891 1943 1966 Pasa
1966 1891 2012 1962 ss.

1246 1984 1363 2058 sami
1400 1989 1446 2058 11.
1476 1991 1555 2060 Rer.
1588 1988 1746 2061 Italicae.
1769 1987 2012 2065 Cremonense

1257 2084 1446 2185 Episcopus
1468 2091 1665 2185 Dagihersns
1687 2089 1725 2164 in
1745 2088 1901 2166 Chartae
1923 2088 2013 2190 frag·

399 2211 462 2294 ,¹7·
488 2191 653 2262 tenestem
675 2188 709 2263 se
730 2191 928 2289 prodiderat
953 2195 1163 2292 Berengario
1246 2195 1374 2260 ‘memo
1400 2193 1584 2276 laudatus,
1611 2195 1633 2264 ὲ
1657 2190 1801 2266 §icardo
1831 2191 1871 2264 in
1898 2191 2011 2266 Chro-

399 2293 429 2365 1.
458 2290 689 2388 Imperatori,
716 2313 822 2390 atque
849 2293 891 2366 ab
908 2307 962 2368 'eo
985 2293 1162 2367 Historiro

399 2392 534 2468 dicitur
569 2393 746 2466 Giiebertns
780 2396 950 2490 praedives
984 2401 1091 2468 Cernes
1122 2401 1164 2468 (n

390 2497 559 2584 strenuus.
583 2497 668 2566 Non
685 2493 826 2568 abstulit
846 2496 880 2570 ei
903 2496 1037 2584 vitam,
1053 2525 1159 2594 quum
1184 2537 1187 2548 ·

401 2595 538 2695 posset,
567 2597 825 2696 Berengarius3
865 2616 900 2669 at
935 2597 999 2670 ille
1035 2599 1161 2673 benefi-

400 2695 497 2772 cium
535 2697 701 2770 clementi
732 2697 887 2797 Augusto
918 2701 1010 2771 male
1044 2727 1161 2800 repen·

398 2796 487 2899 dit3
532 2797 759 2896 Rodulphem
802 2799 898 2872 enim
941 2800 1164 2901 Burgundiae

400 2903 532 3000 Regem
553 2898 715 2984 adversus
733 2901 894 2975 eumdem
913 2901 1161 3002 Berengarium

397 2999 438 3076 in
466 3001 607 3076 Italiam
646 3001 801 3090 accivit,
829 3019 955 3102 atque,
983 3021 1022 3078 ut
1050 3005 1158 3104 conii·

286 3127 291 3138 ·
398 3126 476 3176 cere
511 3105 712 3202 possumus,
741 3103 866 3179 deinde
903 3104 1093 3180 advocavit
1127 3109 1160 3182 ἃ

399 3205 619 3302 Hugonem,
656 3203 825 3278 stabis-iuri
858 3207 981 3298 possea
1003 3205 1160 3282 senuna

398 3305 506 3378 Italiai
526 3305 701 3402 potitum.
719 3309 827 3381 Porro
845 3311 997 3408 Hugone
1016 3334 1158 3406 regnan·

399 3423 435 3482 te
462 3406 584 3483 austor
609 3407 656 3484 est
683 3407 775 3482 idem
810 3409 1050 3512 Liutprandue
1078 3413 1159 3486 Lib.

399 3534 434 3608 3.
454 3513 543 3608 Cap.
566 3531 619 3586 so.
637 3510 845 3584 seditionem
866 3513 1059 3585 excitatam
1078 3512 1155 3585 suis·

397 3611 431 3684 sc
451 3613 470 3682 is
490 3613 685 3684 Gualberto
711 3611 848 3694 potenti
868 3612 989 3698 Iudice
1012 3612 1159 3704 Ticini,

397 3711 461 3810 qui
498 3719 629 3803 Raram
663 3730 774 3780 natant
792 3710 885 3801 suam
920 3713 1076 3784 Gisebesto
1101 3719 1157 3786 Co·

398 3811 473 3885 miti
498 3809 625 3882 Palatii
645 3811 846 3904 sociaverat.
884 3813 1064 3889 Praeterea
1099 3815 1160 3892 sub

397 3911 519 3987 eodem
551 3909 703 4016 Hugone
733 3916 881 3988 alterum
909 3918 1063 3988 Comitem
1097 3925 1158 3992 Pa.

398 4014 477 4088 sotii
502 4014 592 4089 mihi
619 4013 761 4091 detexit.
783 4013 1017 4110 fragmentum
1051 4045 1159 4094 mem·

397 4217 485 4292 ssmo
512 4213 691 4316 Episcopii
719 4219 982 4307 Cremonense.
1008 4225 1106 4295 Haec
1131 4223 1157 4298 i·

398 4321 435 4396 bi
464 4321 590 4394 verba:
628 4325 716 4392 Dum
743 4321 777 4391 in
804 4323 869 4392 Dei
898 4323 1019 4394 nomine
1049 4324 1082 4392 in
1107 4322 1158 4414 ist·

396 4424 479 4495 dicio
498 4424 617 4515 sederet
638 4423 746 4494 sarilo
764 4427 874 4492 Comes
896 4425 989 4494 Sacri
1012 4426 1160 4518 Palatii,

397 4525 432 4597 in
457 4527 539 4600 ssia
564 4523 700 4617 Grasoni
726 4523 760 4594 in
796 4525 943 4596 Ciuitate
970 4529 1159 4618 Cremonae,

390 4627 574 4720 sedentibus
598 4655 667 4698 eum
692 4653 726 4697 eo
754 4627 897 4696 Rotardo
921 4627 989 4698 &a
1014 4629 1057 4698 (9¹
1083 4630 1161 4702 asiis

393 4730 559 4826 pluribus.
586 4733 625 4802 sn
650 4755 753 4798 rorum
775 4725 951 4823 praesentis
971 4732 1067 4800 teuit
1092 4737 1160 4804 Ds-

392 4831 536 4926 gibertus
569 4829 762 4904 venersbisis
796 4829 1007 4914 Cremonensis
1033 4832 1157 4927 Episco-

392 4951 476 5030 pus,
504 4933 548 5000 (9³
584 4959 651 5004 curn
676 4959 709 5003 eo
734 4929 941 5005 Audevrrtus
966 4935 1158 5004 Admissus

398 5029 517 5129 ipsius,
544 5035 588 5105 θ’
622 5034 755 5122 rjisndit
780 5037 1003 5132 Praeceptum,
1032 5033 1065 5104 in
1100 5059 1179 5135 que⁸

1184 2284 1224 2364 ,C
1255 2286 1335 2361 nico
1369 2292 1566 2388 appeslatur
1600 2295 1797 2384 Daunus,
1825 2293 1858 2366 δι
1888 2293 1932 2368 ab
1961 2295 2013 2364 U·

1254 2388 1386 2474 aheslio
1410 2394 1655 2467 herimbertus:
1679 2415 1784 2492 atque
1803 2393 1833 2470 ia
1855 2393 1924 2482 cst,
1947 2392 2013 2490 qui

1254 2489 1473 2566 succesorem
1497 2494 1536 2568 in
1561 2495 1777 2593 Episcopatu
1800 2493 1922 2567 habuit
1945 2519 2011 2568 nu·

1242 2619 1310 2680 „rer
1338 2615 1573 2690 memoratum
1601 2595 1862 2698 Liutprandum
1891 2593 2011 2668 Histo-

1252 2693 1384 2767 ricum.
1401 2696 1490 2769 Eum
1513 2698 1643 2796 quippe
1663 2697 1784 2771 inveni
1801 2701 1910 2770 Anno
1926 2723 2012 2794 quo-

1243 2821 1317 2892 *que
1356 2797 1604 2874 DCCCCLX.
1636 2797 1844 2888 visentem,
1880 2797 1935 2878 uei
1969 2795 2010 2872 fi.

1250 2897 1328 2968 dem
1364 2896 1471 2974 saciet
1501 2901 1642 2984 ‚Charta
1679 2897 1831 3000 ejusdem
1873 2889 2017 2998 Regesti'

1251 2999 1520 3090 Cremonensis,
1554 3001 1682 3102 scripta
1717 3001 1932 3098 Berengarius
1966 3000 2010 3070 U·

1249 3102 1444 3172 Adeibertus
1478 3111 1601 3200 Reges.
1635 3104 1735 3177 Anni
1763 3103 1875 3198 Regni
1909 3127 2013 3172 eorum

1183 3189 1225 3277 ‘D
1252 3208 1292 3272 X
1316 3202 1417 3294 mense
1429 3205 1556 3296 Junio,
1581 3205 1756 3280 lesinione
1781 3208 1842 3278 sss.
1865 3209 2013 3276 Commu·

1251 3303 1330 3374 tatio
1356 3308 1432 3376 bone
1459 3304 1544 3396 fidei
1569 3307 1704 3396 noscimur
1728 3302 1787 3390 esse
1812 3303 2013 3392 mersssus,

1251 3404 1403 3476 mosum
1415 3406 1577 3502 emptionis
1589 3405 1924 3497 obtineasfirmstasem
1936 3402 2006 3476 070.

1252 3508 1378 3578 Psssuit
1403 3507 1529 3602 itaque,
1555 3508 1598 3577 θ
1622 3509 1703 3581 bons
1726 3505 1871 3576 conuenit
1892 3504 2012 3580 voiun-

1242 3625 1316 3680 'sate
1336 3608 1420 3680 intes
1442 3615 1585 3681 Domnus
1609 3607 1799 3702 Dagibtrtus
1822 3603 2012 3695 moerentis·

1243 3708 1343 3792 fimus
1361 3710 1573 3808 Cremonenfis
1590 3705 1721 3792 Ecciefie
1734 3704 1928 3804 Episcopus,
1943 3731 2010 3776 nec·

1250 3837 1311 3930 usn
1337 3811 1382 3880 ta
1415 3813 1500 3932 intes
1521 3819 1610 3932 pitto
1631 3817 1743 3884 Comes
1752 3860 1845 3882 .....
1873 3805 2011 3882 notens·

1252 3911 2010 4114 sffltstzg'z..‘¹‘.‡;i⁰.n.m35¹3st

250 4151 254 4158 ·
353 4155 358 4163 ·
399 4119 525 4189 branae
551 4117 730 4193 existentis
756 4118 793 4191 in
820 4119 965 4218 Regesto
989 4119 1159 4218 antiquis·
1197 4114 1522 4214 thaecsegnante
1545 4119 1698 4216 Hugone
1721 4111 1820 4212 supra
1842 4107 2009 4198 laudato,

1251 4216 1292 4291 ad
1319 4216 1413 4290 idem
1441 4245 1568 4292 munus
1594 4215 1735 4294 evectus
1762 4213 1831 4294 suit
1857 4209 2012 4300 Enesars'·

1249 4321 1323 4392 ebus
1337 4325 1447 4392 Comes
1465 4319 1590 4394 Palaeis·
1600 4373 1610 4402 ,
1627 4319 1725 4418 cujus
1743 4313 1919 4394 Placitum
1935 4314 2013 4386 Ao·

1251 4447 1297 4494 no
1334 4423 1655 4498 DCCCCXXXV.
1688 4417 1850 4496 habitum
1885 4409 2010 4492 Ticini

1179 4523 1180 4528 ’
1252 4521 1487 4608 proseramin
1514 4515 2012 4598 Dissertat.XXX1.dePss·
2108 4523 2113 4530 '

1250 4625 1340 4699 citis.
1375 4624 1440 4702 Sed
1476 4625 1528 4699 ibi
1557 4649 1619 4726 pro
1647 4621 1858 4708 Enessricbus
1893 4622 2008 4715 legen·

1249 4726 1331 4799 dum
1355 4755 1434 4802 reor
1456 4727 1584 4815 sarisa,
1601 4745 1644 4800 ut
1662 4724 1713 4800 ibi
1736 4723 1877 4798 monui.
1902 4722 2011 4792 Hune

1250 4828 1375 4902 deinde
1400 4828 1540 4928 excepit
1565 4831 1722 4902 Huberses
1744 4827 1857 4906 eidem
1885 4823 2010 4920 nugo

1252 4928 1287 5001 ni
1317 4931 1404 5030 Regi
1431 4951 1534 5005 natus
1561 4950 1661 5004 extra
1689 4929 1830 5030 nuptiae
1857 4929 1875 4998 ὲ
1901 4926 2012 5000 Wan-

1252 5031 1439 5110 desuaunda
1473 5031 1591 5110 nobili
1627 5029 1783 5133 semina;
1813 5023 2013 5204 quiDssrnul

1770 5197 1774 5208 ,
1920 5154 1964 5200 uu
