4532 6154
296 463 382 563 e09
574 441 1517 543 urostrrarrosttttrrA.
1710 467 1799 550 610

238 559 319 644 dum
356 567 398 644 ad
434 569 613 646 Placitum
650 567 915 646 deducendum.
954 573 1002 644 Et
1029 579 1062 650 A
1093 573 1197 644 bidem
1220 573 1455 664 norr‘baberet,
1479 573 1560 670 quod
1581 570 1732 670 professus
1751 575 1862 667 suerat

238 670 346 745 hodie
381 671 477 747 inter
511 699 575 747 nos
609 674 738 750 exinde
773 669 1002 748 constitutum
1091 675 1223 748 babere.
1260 681 1351 747 Tune
1376 675 1441 772 ipse
1466 685 1575 746 Comes
1600 673 1733 770 dediffir
1760 679 1861 750 eidem

240 771 418 848 Placitum
455 773 595 850 milium
622 775 691 851 est.
727 781 826 876 Ecce
845 799 909 850 nos
945 800 1002 875 pa·
1092 775 1247 850 Maurini
1272 775 1418 852 inducias
1438 776 1534 874 usque
1557 778 1603 849 ad
1624 777 1727 849 alium
1749 780 1858 853 Plaei.

239 874 310 949 rati
345 901 426 950 cum
463 876 538 976 ipsa
572 877 728 970 notitia,
764 876 851 954 ficut
880 903 1001 952 eorum
1093 899 1180 952 rem.
1215 881 1282 951 Sed
1310 881 1346 952 in
1375 877 1560 971 cantura,
1587 881 1670 975 quod
1703 879 1788 952 iuter
1810 881 1858 951 eir

238 974 407 1051 uvadium
432 977 611 1055 dedimus.
638 983 686 1055 Et
712 981 935 1078 quaerimus,
963 994 1003 1054 ut
1088 979 1224 1078 pofitum
1244 981 1375 1074 suerat,
1402 980 1484 1078 ipsos
1505 980 1596 1070 testes
1615 1007 1677 1052 nors
1702 981 1829 1054 baberet
1836 1007 1858 1072 ,⁸

237 1076 313 1178 ipsa
340 1079 443 1153 nobis
470 1078 577 1156 faciat
604 1079 927 1182 confignation'enr,
963 1079 1001 1153 sr-
1030 1073 1032 1086 ’
1086 1083 1145 1175 [ed
1158 1079 1310 1180 proseffus
1325 1085 1473 1174 dixerat,
1493 1086 1577 1181 quod
1595 1081 1781 1179 inquisitum
1799 1083 1859 1157 ba·

239 1198 300 1254 cut
326 1181 494 1256 vuadiam
521 1181 642 1258 dedit.
672 1185 913 1280 Responderunt
938 1183 1003 1278 ipse
1093 1187 1207 1275 bebat,
1235 1185 1279 1261 (95
1305 1185 1495 1278 nertefles,
1514 1211 1569 1258 nes
1592 1186 1694 1256 ullam
1710 1181 1860 1276 firmita-

239 1283 418 1379 Mauriuus
444 1284 488 1355 (θ’
512 1285 696 1382 Auspertus
716 1285 794 1377 filio
812 1286 898 1379 suo:
934 1289 1001 1359 Ve·
1092 1305 1155 1356 tem
1179 1287 1219 1356 de
1238 1285 1301 1380 jun
1326 1289 1489 1359 Libertate
1515 1313 1575 1358 nort
1602 1284 1778 1380 babuiffet,
1806 1312 1861 1357 uec

239 1382 328 1459 titas
347 1384 415 1476 est,
442 1385 525 1484 quia
544 1387 665 1463 omnia
686 1386 807 1461 taliter
826 1385 1002 1462 internos
1094 1388 1238 1458 invenire
1268 1386 1439 1485 potuiffer,
1469 1408 1529 1485 pro
1563 1415 1597 1462 eo
1631 1390 1708 1486 quia
1744 1394 1862 1460 Petrus

241 1483 359 1561 adium
379 1489 416 1560 de
442 1488 647 1564 uvadiatum
668 1489 737 1581 est,
760 1491 795 1562 oe
822 1486 928 1562 hodie
948 1487 1000 1561 in·
1031 1508 1059 1578 Β
1089 1489 1215 1584 genitor
1226 1488 1328 1582 suus,
1353 1497 1474 1562 Seruus
1495 1493 1537 1562 de
1557 1488 1719 1587 praediilo
1738 1494 1860 1560 Mona·

238 1606 294 1660 ter
319 1615 382 1664 nos
408 1590 637 1668 constitutum
660 1590 837 1666 Placitum
862 1587 1000 1666 milium
1094 1589 1225 1676 naflerio
1244 1589 1381 1686 suiffet,
1409 1593 1454 1663 tu
1478 1597 1614 1664 Servum
1636 1587 1860 1688 pertinuiffer:

239 1687 310 1764 est.
349 1695 440 1766 Ecce
466 1719 530 1768 nos
567 1692 680 1794 parati
706 1691 935 1792 quatrinum,
963 1711 1002 1766 ut
1094 1692 1138 1762 (9³
1164 1691 1289 1788 ipsoex
1315 1693 1466 1786 nascendo
1492 1692 1733 1766 Servol'anblr'
1767 1691 1860 1764 Petri

239 1787 352 1888 ipsam
388 1793 491 1870 nobis
519 1794 707 1872 ostenderis
732 1793 926 1886 notitiam,
962 1791 999 1866 fi·
1093 1793 1297 1889 depraedato
1323 1791 1787 1889 Monasterr'oeffedebuill‘et,
1814 1794 1860 1863 (θ’

239 1911 299 1966 cut
326 1895 492 1970 uvadium
516 1897 676 1972 dedistis.
702 1905 794 1968 Tune
816 1896 1002 1989 rosienserunt
1094 1896 1278 1968 nullatenus
1297 1896 1334 1990 se
1357 1901 1396 1967 de
1422 1897 1487 1993 ipso
1505 1896 1644 1988 seruitio
1674 1895 1859 1988 subtrahere

234 1994 302 2091 ipsi
322 1999 515 2089 Amblulsus
532 2003 653 2091 Abba,
673 1999 719 2070 &⁹
736 1997 910 2070 Roderieus
926 2003 999 2070 Sta·
1088 1995 1253 2092 potuiffet.
1267 2003 1349 2068 Cum
1363 1998 1474 2068 taliter
1491 1994 1642 2094 egiffent,
1662 2000 1706 2068 (9
1718 1998 1756 2090 se
1774 2023 1860 2068 eum·

237 2099 340 2170 vinus
366 2102 410 2170 (9·
434 2104 628 2174 Advocatus
661 2100 810 2172 notitiam
826 2105 858 2191 J
859 2099 1001 2188 udicatr',
1094 2095 1288 2190 credistiffet,
1323 2119 1398 2170 runs
1433 2099 1497 2195 ἱρῇ
1522 2105 1632 2169 Comes
1655 2095 1788 2192 dediffet
1812 2097 1860 2169 ei·

238 2201 295 2270 rtbr'
328 2201 544 2272 continebatur
578 2202 662 2272 inter
689 2221 835 2291 caeteta,
864 2199 1003 2295 qualiter
1092 2203 1163 2270 dem
1188 2201 1344 2271 Maurini
1369 2201 1540 2291 inducias,
1573 2218 1613 2271 ut
1642 2195 1771 2294 [ortasii
1802 2219 1861 2296 po·

234 2299 416 2396 praesentiri
440 2303 564 2398 ,luponi
597 2301 742 2384 Comiti,
780 2304 824 2372 (θ’
849 2302 1000 2374 Scavino·
1095 2297 1202 2394 tuiffet
1226 2301 1373 2373 invenire
1399 2301 1509 2392 telles,
1545 2323 1604 2373 aut
1628 2303 1731 2372 ullam
1747 2298 1861 2390 firmi·

238 2402 369 2474 eumin
390 2401 514 2496 juditio
539 2404 684 2478 Civitati
708 2401 848 2474 Taurini
871 2403 1003 2492 malasar
1031 2416 1060 2485 C
1093 2423 1190 2472 ratem
1216 2401 1339 2493 desua
1363 2407 1552 2491 Lrbertate,
1589 2403 1634 2472 ἕν
1659 2402 1860 2489 constitutum

236 2503 414 2575 Roderious
447 2507 607 2576 ,leovinus
638 2505 683 2573 (9¹
707 2511 901 2575 Aaooearas
927 2507 1000 2572 Mo·
1094 2504 1176 2572 inter
1200 2501 1246 2572 eie
1266 2499 1432 2600 posuiffet.
1459 2508 1498 2574 ln
1521 2503 1685 2592 constituto
1705 2503 1761 2575 die
1781 2509 1860 2576 dum

237 2604 369 2689 nallerii
393 2605 508 2676 tantu·
533 2605 624 2676 Petri
634 2659 645 2695 ,
681 2604 852 2676 Navalieio
879 2601 944 2688 fito
970 2607 1003 2673 r'u
1094 2599 1247 2698 resediffot
1265 2605 1329 2700 ἱρῇ
1346 2611 1433 2701 Sapo
1446 2605 1574 2677 illorum
1593 2613 1703 2677 Comes
1717 2606 1751 2676 in
1762 2626 1858 2701 prae·

240 2705 335 2775 Valle
358 2703 490 2795 Sessio,
526 2731 593 2778 una
619 2731 686 2778 nrm
711 2704 903 2794 Amblulsus
927 2712 997 2778 Ab·
1093 2703 1183 2776 uitta
1206 2707 1355 2778 Ciuitate
1380 2707 1536 2780 Taurinis
1561 2707 1596 2777 in
1621 2716 1720 2778 Curre
1749 2713 1859 2779 Duca-

237 2807 281 2876 ba
308 2803 405 2902 ipsius
430 2809 641 2897 Monaslerii,
678 2808 870 2880 Meurinum
890 2805 1003 2898 filium
1095 2807 1144 2894 ri,
1171 2831 1236 2878 una
1255 2806 1354 2891 simul
1379 2837 1447 2882 eum
1472 2809 1636 2881 Adalrieo
1654 2815 1785 2899 Comes,
1812 2808 1858 2877 (9¹

238 2909 396 3002 quondam
431 2909 553 2991 Petri,
593 2933 800 2980 commanente
840 2907 874 2978 in
913 2912 1003 2979 Valle
1096 2909 1219 3000 Grauso
1234 2911 1370 3000 Judea,
1397 2910 1494 3002 Mrffi
1508 2909 1623 2980 direlli
1641 2910 1776 2980 Domini
1793 2915 1861 2980 Ca·

238 3008 462 3098 Barbanissa,
492 3011 527 3081 r'n
555 3011 669 3100 Villa,
698 3039 777 3106 quae
803 3011 923 3082 dieitur
949 3018 989 3082 Ul
1097 3008 1156 3078 reli
1182 3011 1284 3106 Regis
1309 3012 1343 3081 iu
1369 3013 1493 3083 Placito
1506 3011 1633 3108 publico
1644 3009 1787 3106 singulis
1804 3010 1861 3081 bo·

238 3133 286 3180 ees
349 3109 406 3204 qui
431 3113 471 3180 de
505 3111 562 3200 sua
596 3115 727 3206 persona
751 3121 873 3184 Servus
908 3113 1001 3208 ipfius
1096 3111 1235 3184 minibus
1260 3111 1368 3203 caussas
1385 3113 1564 3184 audiendas
1582 3112 1627 3182 (θ’
1642 3110 1788 3204 justitias
1801 3109 1860 3200 fa·

239 3215 428 3296 Mouaslerio
456 3211 512 3306 effe
538 3214 710 3308 denuillio:
739 3218 802 3311 ἱρῇ
827 3217 1003 3288 Mauriuus
1094 3213 1241 3304 cicadas,
1268 3209 1445 3309 resedrffint
1470 3239 1538 3286 eum
1564 3212 1610 3284 eis
1631 3221 1857 3310 Petrapertus,

235 3313 395 3402 vorasset,
433 3321 514 3393 aanor!
550 3343 609 3384 non
646 3325 784 3404 Seruus,
814 3317 875 3407 ῇιὶ
908 3317 1005 3388 Liber
1034 3313 1067 3380 D
1093 3315 1341 3407 Adalmondur,
1367 3317 1550 3407 Alsredus,
1567 3320 1600 3406 J
1601 3341 1742 3404 oannes,
1769 3319 1859 3384 Gua-

237 3411 295 3506 θῇ
320 3413 491 3504 debuiffet,
518 3441 574 3512 pro
598 3445 631 3487 eo
656 3419 732 3513 quia
757 3423 796 3489 de
822 3419 918 3490 libero
939 3425 1000 3492 Pa·
1089 3415 1234 3512 speum,
1262 3418 1337 3488 item
1361 3425 1583 3514 Petreperrus,
1609 3417 1767 3502 adludo,
1793 3419 1865 3505 Jo-

238 3534 285 3584 tre
310 3517 354 3582 (y
379 3523 491 3586 Matre
516 3541 610 3588 natus
634 3515 726 3612 effer,
751 3520 795 3590 (θ’
819 3520 929 3592 taliter
948 3541 1006 3616 per
1096 3543 1227 3607 namus,
1264 3519 1309 3589 (9¹
1336 3519 1432 3613 Ursus
1455 3519 1638 3609 Seauinus,
1676 3517 1858 3602 Vitelmus,

236 3614 328 3698 testes
353 3629 396 3686 ad
430 3621 626 3709 probandum
662 3623 822 3692 vvediam
856 3619 1003 3716 dedrffet.
1097 3621 1141 3688 (9·
1165 3620 1354 3693 Amalrr'sur
1378 3622 1539 3694 Scaeuinus
1557 3618 1721 3708 Romani,
1748 3617 1793 3688 θ’
1811 3641 1861 3686 re·

238 3713 306 3784 Sed
332 3714 365 3782 in
391 3716 576 3806 constituto,
605 3743 663 3812 que
692 3720 775 3790 inter
800 3722 846 3792 eis
868 3721 1004 3818 politum
1096 3721 1194 3817 liquis
1219 3721 1331 3793 multis
1345 3747 1362 3792 .·
1397 3717 1563 3819 ἱὶἱριισ“ἱη
1589 3745 1691 3792 eorum
1726 3713 1860 3812 veniffet

234 3812 346 3904 fluerat
370 3817 415 3886 ad
438 3817 622 3906 Placitum,
657 3819 722 3914 ἱρῇ
748 3823 925 3894 Maurinus
948 3852 1000 3895 ue·
1092 3821 1274 3916 praesentia
1291 3824 1463 3914 Abuulsus
1486 3825 1588 3896 Abba
1613 3847 1681 3892 tum
1703 3815 1861 3915 jamdiu·

241 3915 310 3986 nire
336 3913 533 4011 neglererffet.
569 3923 638 3988 Hos
662 3919 789 4010 alium,
818 3925 894 3992 dum
919 3931 1005 4020 Sapo
1073 3920 1250 3993 'Roderioo
1276 3925 1449 3994 Advocato
1480 3922 1620 4018 praefati
1645 3913 1858 4010 Monaslerii,

240 4016 369 4088 illorum
392 4023 502 4090 Comes
523 4019 673 4112 resederet
695 4021 729 4092 in
746 4020 820 4116 jam
841 4023 931 4097 sitta
949 4028 1005 4096 Ci·
1099 4023 1142 4091 (θ’
1168 4021 1233 4117 ἱρῇ
1258 4025 1433 4093 Roderr'eus
1456 4020 1584 4118 dixiffet
1610 4025 1768 4094 adversas
1787 4021 1861 4116 jam

239 4117 347 4191 virete
372 4119 527 4193 Taurinis
555 4125 667 4196 Curte
696 4121 827 4198 Durati
864 4123 899 4196 irs
925 4128 1004 4198 Pla·
1096 4119 1217 4194 dillum
1242 4123 1459 4194 Maurioum:
1485 4127 1542 4196 Da
1565 4122 1668 4197 nobis
1687 4121 1786 4199 testes
1805 4121 1861 4218 ip-

239 4218 301 4290 oito
328 4219 454 4315 publico
478 4221 612 4318 uenisset
645 4225 880 4299 reclamandum
905 4231 1004 4300 Mau·
1039 4226 1070 4298 E
1098 4222 1173 4317 sos,
1208 4250 1298 4323 quos
1323 4240 1363 4298 tu
1399 4251 1461 4325 per
1494 4224 1662 4299 uvadium
1698 4221 1860 4322 obligasti

239 4318 358 4411 sinus,
393 4329 477 4420 qued
506 4346 584 4425 part
610 4327 802 4416 Monallerii
835 4329 1007 4402 Novalieio
1098 4324 1141 4400 de
1166 4344 1228 4400 tua
1254 4324 1463 4428 Libertase;
1500 4327 1565 4426 ἱρῇ
1600 4327 1776 4399 Maurinus
1810 4347 1859 4390 re·

104 4447 107 4453 ·
238 4445 309 4492 eum
332 4421 537 4517 pignoratum
561 4429 712 4502 baberet:
735 4432 780 4501 θ
802 4453 937 4527 paratus
961 4431 1003 4524 os·
1090 4425 1285 4524 spondidit,
1319 4429 1441 4500 dudum
1465 4426 1615 4528 Pittstffw
1634 4421 1745 4516 suifftt
1765 4443 1861 4520 Piae·

232 4521 287 4616 set
314 4521 409 4614 fuam
433 4530 627 4602 Libertatem
658 4553 716 4628 per
742 4531 832 4620 testes
857 4537 902 4606 ad
932 4554 1004 4630 pro·
1090 4529 1199 4621 [totid
1225 4529 1316 4618 istius
1340 4529 1460 4602 Comiti
1483 4533 1540 4602 uel
1557 4526 1788 4613 Trevirorum,
1816 4522 1862 4592 Θ·

237 4626 407 4716 bandum,
432 4626 517 4713 ficut
540 4633 703 4704 wadiam
727 4637 879 4707 dederat.
914 4642 1005 4706 Tuos
1096 4632 1284 4727 reliquorum
1307 4633 1499 4720 hommum,-
1519 4630 1697 4702 &iterum
1714 4620 1863 4719 peoseffur

238 4724 306 4822 ἱρῇ
330 4733 440 4801 Comes
463 4731 595 4826 dedidit
619 4737 650 4806 ei
674 4736 838 4808 licentiam
858 4737 942 4828 soris
964 4741 1005 4808 de
1036 4827 1039 4832 .
1092 4730 1222 4827 suffit,
1248 4735 1330 4831 quod
1354 4733 1443 4820 telles
1469 4759 1523 4805 net
1547 4731 1650 4801 ullam
1667 4724 1862 4820 firmitatem

239 4827 306 4922 ipso
331 4831 455 4908 Plaeito
479 4837 638 4924 exeundi,
668 4837 733 4931 sua
757 4837 935 4926 testimonia
959 4838 1006 4912 ad
1098 4833 1332 4927 nandulum,
1363 4834 1448 4921 sicut
1469 4856 1528 4932 per
1551 4830 1715 4903 wadiam
1740 4825 1865 4922 obliga·

239 4933 403 5027 ducenda,
415 4936 500 5024 sicut
514 4936 664 5036 proseffus
675 4941 806 5030 fuerat.
825 4941 915 5035 Quia
935 4965 1004 5028 eum
1098 4959 1219 5030 uerat,
1249 4939 1308 5030 sed
1332 4943 1453 5008 Seruus
1480 4933 1578 5031 ipstus
1604 4927 1795 5015 Monallerii
1821 4927 1873 5022 ‘l'

229 5029 316 5119 f071'5
346 5038 532 5134 mrexr'ffer,
561 5041 675 5133 statim
703 5041 844 5132 reversus
872 5038 1005 5136 suiffit,
1092 5039 1128 5132 ῇ
1154 5036 1325 5132 debuisset,
1355 5059 1416 5135 pro
1441 5063 1474 5110 eo
1499 5035 1578 5132 quia
1603 5038 1720 5103 Petrus
1740 5030 1869 5126 genitor

240 5131 285 5200 (9
305 5136 455 5236 pttltffus
474 5143 622 5240 dixerat,
648 5149 733 5246 quod
757 5143 838 5245 ipses
862 5143 1004 5236 tellesi-
1092 5144 1195 5238 suus,
1220 5147 1343 5213 Servus
1364 5137 1508 5234 praefati
1533 5129 1728 5220 Monallerii
1753 5128 1869 5202 sanus·

341 5244 430 5316 Tan.
456 5247 485 5322 Ι.
1201 5246 1245 5338 Q
1265 5267 1290 5343 q
1721 5231 1815 5304 Petri
