<?xml version="1.0" encoding="UTF-8"?>
<!DOCTYPE html PUBLIC "-//W3C//DTD XHTML 1.0 Transitional//EN"
    "http://www.w3.org/TR/xhtml1/DTD/xhtml1-transitional.dtd">
<html xmlns="http://www.w3.org/1999/xhtml" xml:lang="en" lang="en">
 <head>
  <title>
</title>
<meta http-equiv="Content-Type" content="text/html;charset=utf-8" />
  <meta name='ocr-system' content='tesseract 3.04.00' />
  <meta name='ocr-capabilities' content='ocr_page ocr_carea ocr_par ocr_line ocrx_word'/>
</head>
<body>
  <div class='ocr_page' id='page_1' title='image "./antiquitatesita02muragoog/antiquitatesita02muragoog_0375.png"; bbox 0 0 4534 6164; ppageno 0'>
   <div class='ocr_carea' id='block_1_1' title="bbox 521 433 2019 562">
    <p class='ocr_par' dir='ltr' id='par_1_1' title="bbox 521 433 2019 562">
     <span class='ocr_line' id='line_1_1' title="bbox 521 433 2019 562; baseline -0.003 -26"><span class='ocrx_word' id='word_1_1' title='bbox 521 443 608 562; x_wconf 53' lang='grc' dir='ltr'><em>,ἡ</em></span> <span class='ocrx_word' id='word_1_2' title='bbox 788 433 1761 558; x_wconf 55' lang='lat' dir='ltr'><em>nortonam-neomutus</em></span> <span class='ocrx_word' id='word_1_3' title='bbox 1926 451 2019 556; x_wconf 64' lang='grc' dir='ltr'><em>,η-</em></span> 
     </span>
    </p>
   </div>
   <div class='ocr_carea' id='block_1_2' title="bbox 447 553 2169 4209">
    <p class='ocr_par' dir='ltr' id='par_1_2' title="bbox 449 553 2086 1672">
     <span class='ocr_line' id='line_1_2' title="bbox 458 553 2086 658; baseline -0.004 -22"><span class='ocrx_word' id='word_1_4' title='bbox 458 559 627 658; x_wconf 70' lang='lat' dir='ltr'><em>patrui,</em></span> <span class='ocrx_word' id='word_1_5' title='bbox 649 563 731 635; x_wconf 77' lang='lat' dir='ltr'><em>dene</em></span> <span class='ocrx_word' id='word_1_6' title='bbox 751 559 795 630; x_wconf 68' lang='lat' dir='ltr'><em>O·</em></span> <span class='ocrx_word' id='word_1_7' title='bbox 812 559 940 651; x_wconf 81' lang='lat' dir='ltr'><em>aufero,</em></span> <span class='ocrx_word' id='word_1_8' title='bbox 963 560 1009 630; x_wconf 67' lang='grc' dir='ltr'><em>θ’</em></span> <span class='ocrx_word' id='word_1_9' title='bbox 1027 583 1087 657; x_wconf 87' lang='lat' dir='ltr'><em>pet</em></span> <span class='ocrx_word' id='word_1_10' title='bbox 1102 560 1226 656; x_wconf 86' lang='lat' dir='ltr'><em>presen·</em></span> <span class='ocrx_word' id='word_1_11' title='bbox 1259 559 1447 654; x_wconf 86' lang='lat' dir='ltr'><em>A·duplom</em></span> <span class='ocrx_word' id='word_1_12' title='bbox 1472 557 1603 630; x_wconf 78' lang='lat' dir='ltr'><em>eandem</em></span> <span class='ocrx_word' id='word_1_13' title='bbox 1635 557 1834 631; x_wconf 70' lang='lat' dir='ltr'><em>donacionem</em></span> <span class='ocrx_word' id='word_1_14' title='bbox 1859 553 1904 626; x_wconf 70' lang='lat'><em>6⁴</em></span> <span class='ocrx_word' id='word_1_15' title='bbox 1930 555 2086 648; x_wconf 71' lang='lat' dir='ltr'><em>anscefioo&#39;</em></span> 
     </span>
     <span class='ocr_line' id='line_1_3' title="bbox 461 655 2084 758; baseline -0.001 -27"><span class='ocrx_word' id='word_1_16' title='bbox 461 680 527 733; x_wconf 87' lang='lat' dir='ltr'><em>tem</em></span> <span class='ocrx_word' id='word_1_17' title='bbox 546 665 711 736; x_wconf 79' lang='lat' dir='ltr'><em>Cartalam</em></span> <span class='ocrx_word' id='word_1_18' title='bbox 732 660 916 749; x_wconf 74' lang='lat' dir='ltr'><em>anserstonis</em></span> <span class='ocrx_word' id='word_1_19' title='bbox 939 661 1056 734; x_wconf 82' lang='lat' dir='ltr'><em>ibidem</em></span> <span class='ocrx_word' id='word_1_20' title='bbox 1077 683 1153 758; x_wconf 84' lang='lat' dir='ltr'><em>patr</em></span> <span class='ocrx_word' id='word_1_21' title='bbox 1177 663 1225 756; x_wconf 89' lang='lat' dir='ltr'><em>ip·</em></span> <span class='ocrx_word' id='word_1_22' title='bbox 1320 687 1391 731; x_wconf 91' lang='lat' dir='ltr'><em>nem</em></span> <span class='ocrx_word' id='word_1_23' title='bbox 1422 688 1444 732; x_wconf 87' lang='lat' dir='ltr'><em>a</em></span> <span class='ocrx_word' id='word_1_24' title='bbox 1475 681 1553 758; x_wconf 85' lang='lat' dir='ltr'><em>pars</em></span> <span class='ocrx_word' id='word_1_25' title='bbox 1586 658 1683 756; x_wconf 82' lang='lat' dir='ltr'><em>ipfius</em></span> <span class='ocrx_word' id='word_1_26' title='bbox 1717 655 1856 742; x_wconf 79' lang='lat' dir='ltr'><em>Ecclefia</em></span> <span class='ocrx_word' id='word_1_27' title='bbox 1893 658 2084 746; x_wconf 80' lang='lat' dir='ltr'><em>Monejierii</em></span> 
     </span>
     <span class='ocr_line' id='line_1_4' title="bbox 453 757 2083 860; baseline -0.003 -26"><span class='ocrx_word' id='word_1_28' title='bbox 453 759 527 848; x_wconf 80' lang='lat' dir='ltr'><em>fios</em></span> <span class='ocrx_word' id='word_1_29' title='bbox 555 763 688 848; x_wconf 82' lang='lat' dir='ltr'><em>Ecclefie</em></span> <span class='ocrx_word' id='word_1_30' title='bbox 721 759 888 852; x_wconf 81' lang='lat' dir='ltr'><em>confirmo,</em></span> <span class='ocrx_word' id='word_1_31' title='bbox 917 767 960 834; x_wconf 62' lang='grc' dir='ltr'><em>θ</em></span> <span class='ocrx_word' id='word_1_32' title='bbox 994 765 1039 836; x_wconf 82' lang='lat' dir='ltr'><em>ad</em></span> <span class='ocrx_word' id='word_1_33' title='bbox 1073 791 1141 854; x_wconf 89' lang='lat' dir='ltr'><em>me,</em></span> <span class='ocrx_word' id='word_1_34' title='bbox 1169 763 1226 860; x_wconf 89' lang='lat' dir='ltr'><em>qui</em></span> <span class='ocrx_word' id='word_1_35' title='bbox 1321 762 1434 835; x_wconf 76' lang='lat' dir='ltr'><em>Sonili</em></span> <span class='ocrx_word' id='word_1_36' title='bbox 1468 761 1613 858; x_wconf 78' lang='lat' dir='ltr'><em>Prosperi</em></span> <span class='ocrx_word' id='word_1_37' title='bbox 1646 760 1869 849; x_wconf 78' lang='lat' dir='ltr'><em>restituamus,</em></span> <span class='ocrx_word' id='word_1_38' title='bbox 1900 757 1988 845; x_wconf 82' lang='lat' dir='ltr'><em>ficut</em></span> <span class='ocrx_word' id='word_1_39' title='bbox 2022 782 2083 855; x_wconf 86' lang='lat' dir='ltr'><em>pre</em></span> 
     </span>
     <span class='ocr_line' id='line_1_5' title="bbox 456 860 2084 961; baseline -0.001 -26"><span class='ocrx_word' id='word_1_40' title='bbox 456 864 549 960; x_wconf 77' lang='lat' dir='ltr'><em>prius</em></span> <span class='ocrx_word' id='word_1_41' title='bbox 576 865 656 938; x_wconf 84' lang='lat' dir='ltr'><em>Ucbo</em></span> <span class='ocrx_word' id='word_1_42' title='bbox 681 871 811 953; x_wconf 88' lang='lat' dir='ltr'><em>Comes,</em></span> <span class='ocrx_word' id='word_1_43' title='bbox 838 885 895 961; x_wconf 90' lang='lat' dir='ltr'><em>per</em></span> <span class='ocrx_word' id='word_1_44' title='bbox 919 865 1097 952; x_wconf 88' lang='lat' dir='ltr'><em>coltellum,</em></span> <span class='ocrx_word' id='word_1_45' title='bbox 1127 865 1219 954; x_wconf 79' lang='lat' dir='ltr'><em>sestu-</em></span> <span class='ocrx_word' id='word_1_46' title='bbox 1319 885 1452 960; x_wconf 87' lang='lat' dir='ltr'><em>tempore</em></span> <span class='ocrx_word' id='word_1_47' title='bbox 1484 863 1609 954; x_wconf 70' lang='lat' dir='ltr'><em>fuerim</em></span> <span class='ocrx_word' id='word_1_48' title='bbox 1642 860 1841 950; x_wconf 70' lang='lat' dir='ltr'><em>meliorans,</em></span> <span class='ocrx_word' id='word_1_49' title='bbox 1875 878 1934 932; x_wconf 88' lang='lat' dir='ltr'><em>out</em></span> <span class='ocrx_word' id='word_1_50' title='bbox 1966 862 2084 934; x_wconf 84' lang='lat' dir='ltr'><em>value-</em></span> 
     </span>
     <span class='ocr_line' id='line_1_6' title="bbox 456 959 2082 1059; baseline -0.002 -24"><span class='ocrx_word' id='word_1_51' title='bbox 456 989 528 1036; x_wconf 87' lang='lat' dir='ltr'><em>sum</em></span> <span class='ocrx_word' id='word_1_52' title='bbox 555 987 721 1056; x_wconf 84' lang='lat' dir='ltr'><em>notatum,</em></span> <span class='ocrx_word' id='word_1_53' title='bbox 757 987 961 1056; x_wconf 78' lang='lat' dir='ltr'><em>ostensorem,</em></span> <span class='ocrx_word' id='word_1_54' title='bbox 999 969 1044 1036; x_wconf 69' lang='grc' dir='ltr'><em>Ο·</em></span> <span class='ocrx_word' id='word_1_55' title='bbox 1077 965 1225 1059; x_wconf 79' lang='lat' dir='ltr'><em>vasonem</em></span> <span class='ocrx_word' id='word_1_56' title='bbox 1319 968 1385 1038; x_wconf 89' lang='lat' dir='ltr'><em>rint</em></span> <span class='ocrx_word' id='word_1_57' title='bbox 1413 965 1475 1057; x_wconf 77' lang='lat' dir='ltr'><em>sub</em></span> <span class='ocrx_word' id='word_1_58' title='bbox 1509 964 1701 1054; x_wconf 72' lang='lat' dir='ltr'><em>estimatione</em></span> <span class='ocrx_word' id='word_1_59' title='bbox 1736 963 1771 1034; x_wconf 89' lang='lat' dir='ltr'><em>in</em></span> <span class='ocrx_word' id='word_1_60' title='bbox 1803 959 1969 1047; x_wconf 70' lang='lat' dir='ltr'><em>construitis</em></span> <span class='ocrx_word' id='word_1_61' title='bbox 2000 961 2082 1034; x_wconf 86' lang='lat' dir='ltr'><em>locis</em></span> 
     </span>
     <span class='ocr_line' id='line_1_7' title="bbox 456 1062 2083 1162; baseline 0.001 -27"><span class='ocrx_word' id='word_1_62' title='bbox 456 1081 559 1156; x_wconf 86' lang='lat' dir='ltr'><em>terre,</em></span> <span class='ocrx_word' id='word_1_63' title='bbox 579 1068 637 1160; x_wconf 75' lang='lat' dir='ltr'><em>scu</em></span> <span class='ocrx_word' id='word_1_64' title='bbox 661 1094 783 1141; x_wconf 89' lang='lat' dir='ltr'><em>ramum</em></span> <span class='ocrx_word' id='word_1_65' title='bbox 807 1070 949 1156; x_wconf 87' lang='lat' dir='ltr'><em>arboris,</em></span> <span class='ocrx_word' id='word_1_66' title='bbox 974 1068 1019 1138; x_wconf 53' lang='grc' dir='ltr'><em>(θ’</em></span> <span class='ocrx_word' id='word_1_67' title='bbox 1041 1095 1088 1138; x_wconf 88' lang='lat' dir='ltr'><em>me</em></span> <span class='ocrx_word' id='word_1_68' title='bbox 1110 1075 1223 1138; x_wconf 78' lang='lat' dir='ltr'><em>eninoe</em></span> <span class='ocrx_word' id='word_1_69' title='bbox 1319 1068 1503 1160; x_wconf 72' lang='lat' dir='ltr'><em>inconvulso</em></span> <span class='ocrx_word' id='word_1_70' title='bbox 1527 1093 1594 1140; x_wconf 89' lang='lat' dir='ltr'><em>cum</em></span> <span class='ocrx_word' id='word_1_71' title='bbox 1612 1063 1822 1162; x_wconf 79' lang='lat' dir='ltr'><em>stipulacione</em></span> <span class='ocrx_word' id='word_1_72' title='bbox 1840 1062 2004 1154; x_wconf 75' lang='lat' dir='ltr'><em>subnixa.</em></span> <span class='ocrx_word' id='word_1_73' title='bbox 2031 1068 2083 1136; x_wconf 75' lang='lat' dir='ltr'><em>Ee</em></span> 
     </span>
     <span class='ocr_line' id='line_1_8' title="bbox 452 1163 2080 1267; baseline -0.002 -29"><span class='ocrx_word' id='word_1_74' title='bbox 452 1163 535 1255; x_wconf 76' lang='lat' dir='ltr'><em>fotis</em></span> <span class='ocrx_word' id='word_1_75' title='bbox 561 1171 709 1264; x_wconf 75' lang='lat' dir='ltr'><em>explevi,</em></span> <span class='ocrx_word' id='word_1_76' title='bbox 735 1170 897 1267; x_wconf 81' lang='lat' dir='ltr'><em>verpivi,</em></span> <span class='ocrx_word' id='word_1_77' title='bbox 927 1170 971 1240; x_wconf 63' lang='grc' dir='ltr'><em>Θ</em></span> <span class='ocrx_word' id='word_1_78' title='bbox 995 1173 1151 1258; x_wconf 71' lang='lat' dir='ltr'><em>absentem</em></span> <span class='ocrx_word' id='word_1_79' title='bbox 1176 1197 1223 1240; x_wconf 92' lang='lat' dir='ltr'><em>me</em></span> <span class='ocrx_word' id='word_1_80' title='bbox 1317 1173 1495 1264; x_wconf 80' lang='lat' dir='ltr'><em>bergamela</em></span> <span class='ocrx_word' id='word_1_81' title='bbox 1519 1195 1588 1240; x_wconf 81' lang='lat' dir='ltr'><em>cum</em></span> <span class='ocrx_word' id='word_1_82' title='bbox 1610 1164 1833 1241; x_wconf 85' lang='lat' dir='ltr'><em>atrementatio</em></span> <span class='ocrx_word' id='word_1_83' title='bbox 1857 1165 1897 1234; x_wconf 79' lang='lat' dir='ltr'><em>de</em></span> <span class='ocrx_word' id='word_1_84' title='bbox 1922 1185 2008 1237; x_wconf 87' lang='lat' dir='ltr'><em>terro</em></span> <span class='ocrx_word' id='word_1_85' title='bbox 2031 1165 2080 1235; x_wconf 88' lang='lat' dir='ltr'><em>le-</em></span> 
     </span>
     <span class='ocr_line' id='line_1_9' title="bbox 449 1263 2080 1367; baseline -0.002 -29"><span class='ocrx_word' id='word_1_86' title='bbox 449 1263 552 1360; x_wconf 75' lang='lat' dir='ltr'><em>serit,</em></span> <span class='ocrx_word' id='word_1_87' title='bbox 576 1271 620 1340; x_wconf 71' lang='lat'><em>(9¹</em></span> <span class='ocrx_word' id='word_1_88' title='bbox 644 1299 712 1343; x_wconf 88' lang='lat' dir='ltr'><em>mea</em></span> <span class='ocrx_word' id='word_1_89' title='bbox 732 1291 845 1367; x_wconf 83' lang='lat' dir='ltr'><em>parte,</em></span> <span class='ocrx_word' id='word_1_90' title='bbox 868 1272 952 1367; x_wconf 84' lang='lat' dir='ltr'><em>quod</em></span> <span class='ocrx_word' id='word_1_91' title='bbox 971 1270 1061 1342; x_wconf 66' lang='lat' dir='ltr'><em>dicia</em></span> <span class='ocrx_word' id='word_1_92' title='bbox 1085 1271 1222 1355; x_wconf 78' lang='lat' dir='ltr'><em>Ecclefia</em></span> <span class='ocrx_word' id='word_1_93' title='bbox 1316 1273 1470 1346; x_wconf 82' lang='lat' dir='ltr'><em>vovimus</em></span> <span class='ocrx_word' id='word_1_94' title='bbox 1491 1271 1644 1366; x_wconf 89' lang='lat' dir='ltr'><em>painam.</em></span> <span class='ocrx_word' id='word_1_95' title='bbox 1671 1265 1831 1343; x_wconf 77' lang='lat' dir='ltr'><em>Riboldus</em></span> <span class='ocrx_word' id='word_1_96' title='bbox 1855 1263 2012 1338; x_wconf 88' lang='lat' dir='ltr'><em>Notarius</em></span> <span class='ocrx_word' id='word_1_97' title='bbox 2036 1265 2080 1336; x_wconf 65' lang='grc' dir='ltr'><em>θ’</em></span> 
     </span>
     <span class='ocr_line' id='line_1_10' title="bbox 450 1365 2079 1468; baseline -0.002 -27"><span class='ocrx_word' id='word_1_98' title='bbox 450 1389 679 1468; x_wconf 74' lang='lat' dir='ltr'><em>proprietatem</em></span> <span class='ocrx_word' id='word_1_99' title='bbox 712 1375 867 1444; x_wconf 79' lang='lat' dir='ltr'><em>alendum</em></span> <span class='ocrx_word' id='word_1_100' title='bbox 903 1371 1065 1468; x_wconf 80' lang='lat' dir='ltr'><em>reliquie,</em></span> <span class='ocrx_word' id='word_1_101' title='bbox 1100 1373 1218 1460; x_wconf 76' lang='lat' dir='ltr'><em>facien·</em></span> <span class='ocrx_word' id='word_1_102' title='bbox 1309 1379 1421 1464; x_wconf 82' lang='lat' dir='ltr'><em>Juocn</em></span> <span class='ocrx_word' id='word_1_103' title='bbox 1445 1371 1537 1444; x_wconf 81' lang='lat' dir='ltr'><em>Sacri</em></span> <span class='ocrx_word' id='word_1_104' title='bbox 1562 1369 1690 1442; x_wconf 80' lang='lat' dir='ltr'><em>Palatii</em></span> <span class='ocrx_word' id='word_1_105' title='bbox 1715 1365 1853 1438; x_wconf 79' lang='lat' dir='ltr'><em>tradidit</em></span> <span class='ocrx_word' id='word_1_106' title='bbox 1879 1365 1924 1438; x_wconf 64' lang='grc' dir='ltr'><em>θ</em></span> <span class='ocrx_word' id='word_1_107' title='bbox 1942 1367 2079 1458; x_wconf 79' lang='lat' dir='ltr'><em>scribere</em></span> 
     </span>
     <span class='ocr_line' id='line_1_11' title="bbox 453 1465 2079 1570; baseline -0.004 -28"><span class='ocrx_word' id='word_1_108' title='bbox 453 1472 533 1542; x_wconf 82' lang='lat' dir='ltr'><em>dum</em></span> <span class='ocrx_word' id='word_1_109' title='bbox 554 1472 667 1542; x_wconf 77' lang='lat' dir='ltr'><em>exinde</em></span> <span class='ocrx_word' id='word_1_110' title='bbox 688 1475 730 1544; x_wconf 79' lang='lat' dir='ltr'><em>ab</em></span> <span class='ocrx_word' id='word_1_111' title='bbox 755 1501 791 1544; x_wconf 91' lang='lat' dir='ltr'><em>ao</em></span> <span class='ocrx_word' id='word_1_112' title='bbox 815 1469 869 1544; x_wconf 86' lang='lat' dir='ltr'><em>die</em></span> <span class='ocrx_word' id='word_1_113' title='bbox 892 1496 968 1568; x_wconf 90' lang='lat' dir='ltr'><em>pars</em></span> <span class='ocrx_word' id='word_1_114' title='bbox 994 1473 1090 1556; x_wconf 79' lang='lat' dir='ltr'><em>ilios</em></span> <span class='ocrx_word' id='word_1_115' title='bbox 1113 1475 1216 1544; x_wconf 82' lang='lat' dir='ltr'><em>Eccle·</em></span> <span class='ocrx_word' id='word_1_116' title='bbox 1254 1477 1281 1548; x_wconf 87' lang='lat' dir='ltr'>B</span> <span class='ocrx_word' id='word_1_117' title='bbox 1317 1473 1451 1570; x_wconf 86' lang='lat' dir='ltr'><em>rogavi,</em></span> <span class='ocrx_word' id='word_1_118' title='bbox 1488 1473 1523 1542; x_wconf 90' lang='lat' dir='ltr'><em>in</em></span> <span class='ocrx_word' id='word_1_119' title='bbox 1548 1497 1613 1568; x_wconf 83' lang='lat' dir='ltr'><em>quo</em></span> <span class='ocrx_word' id='word_1_120' title='bbox 1640 1471 1753 1563; x_wconf 76' lang='lat' dir='ltr'><em>subtus</em></span> <span class='ocrx_word' id='word_1_121' title='bbox 1778 1465 1966 1560; x_wconf 78' lang='lat' dir='ltr'><em>confirmans</em></span> <span class='ocrx_word' id='word_1_122' title='bbox 1991 1468 2079 1558; x_wconf 78' lang='lat' dir='ltr'><em>telli-</em></span> 
     </span>
     <span class='ocr_line' id='line_1_12' title="bbox 449 1570 1819 1672; baseline -0.001 -29"><span class='ocrx_word' id='word_1_123' title='bbox 449 1570 504 1657; x_wconf 84' lang='lat' dir='ltr'><em>fia</em></span> <span class='ocrx_word' id='word_1_124' title='bbox 527 1573 735 1669; x_wconf 85' lang='lat' dir='ltr'><em>proprietario</em></span> <span class='ocrx_word' id='word_1_125' title='bbox 758 1574 881 1644; x_wconf 89' lang='lat' dir='ltr'><em>nomine</em></span> <span class='ocrx_word' id='word_1_126' title='bbox 905 1575 1063 1671; x_wconf 82' lang='lat' dir='ltr'><em>quidquid</em></span> <span class='ocrx_word' id='word_1_127' title='bbox 1083 1577 1222 1646; x_wconf 90' lang='lat' dir='ltr'><em>voluerit</em></span> <span class='ocrx_word' id='word_1_128' title='bbox 1316 1576 1429 1672; x_wconf 77' lang='lat' dir='ltr'><em>busque</em></span> <span class='ocrx_word' id='word_1_129' title='bbox 1454 1572 1570 1645; x_wconf 80' lang='lat' dir='ltr'><em>obtulit</em></span> <span class='ocrx_word' id='word_1_130' title='bbox 1595 1575 1819 1646; x_wconf 79' lang='lat' dir='ltr'><em>roborandam.</em></span> 
     </span>
    </p>

    <p class='ocr_par' dir='ltr' id='par_1_3' title="bbox 447 1669 2077 2382">
     <span class='ocr_line' id='line_1_13' title="bbox 447 1669 2076 1774; baseline 0.001 -31"><span class='ocrx_word' id='word_1_131' title='bbox 447 1671 522 1759; x_wconf 84' lang='lat' dir='ltr'><em>fine</em></span> <span class='ocrx_word' id='word_1_132' title='bbox 542 1675 627 1745; x_wconf 91' lang='lat' dir='ltr'><em>omni</em></span> <span class='ocrx_word' id='word_1_133' title='bbox 645 1703 713 1746; x_wconf 92' lang='lat' dir='ltr'><em>mea</em></span> <span class='ocrx_word' id='word_1_134' title='bbox 736 1677 882 1746; x_wconf 83' lang='lat' dir='ltr'><em>heredum</em></span> <span class='ocrx_word' id='word_1_135' title='bbox 906 1704 942 1748; x_wconf 89' lang='lat' dir='ltr'><em>ao</em></span> <span class='ocrx_word' id='word_1_136' title='bbox 960 1677 1221 1774; x_wconf 80' lang='lat' dir='ltr'><em>proheredumque</em></span> <span class='ocrx_word' id='word_1_137' title='bbox 1364 1673 1488 1749; x_wconf 61' lang='lat' dir='ltr'><em>stilum</em></span> <span class='ocrx_word' id='word_1_138' title='bbox 1514 1677 1548 1746; x_wconf 90' lang='lat' dir='ltr'><em>in</em></span> <span class='ocrx_word' id='word_1_139' title='bbox 1574 1675 1683 1761; x_wconf 75' lang='lat' dir='ltr'><em>castre</em></span> <span class='ocrx_word' id='word_1_140' title='bbox 1707 1669 1896 1755; x_wconf 79' lang='lat' dir='ltr'><em>Calvistano</em></span> <span class='ocrx_word' id='word_1_141' title='bbox 1915 1672 2076 1762; x_wconf 75' lang='lat' dir='ltr'><em>feliciter.</em></span> 
     </span>
     <span class='ocr_line' id='line_1_14' title="bbox 453 1771 2077 1876; baseline 0.001 -30"><span class='ocrx_word' id='word_1_142' title='bbox 453 1801 588 1848; x_wconf 87' lang='lat' dir='ltr'><em>meorum</em></span> <span class='ocrx_word' id='word_1_143' title='bbox 613 1777 840 1848; x_wconf 81' lang='lat' dir='ltr'><em>contraditione</em></span> <span class='ocrx_word' id='word_1_144' title='bbox 864 1779 920 1847; x_wconf 92' lang='lat' dir='ltr'><em>vel</em></span> <span class='ocrx_word' id='word_1_145' title='bbox 946 1779 1145 1874; x_wconf 83' lang='lat' dir='ltr'><em>repeticione.</em></span> <span class='ocrx_word' id='word_1_146' title='bbox 1182 1785 1208 1850; x_wconf 80' lang='lat' dir='ltr'><em>S</em></span> <span class='ocrx_word' id='word_1_147' title='bbox 1210 1779 1222 1848; x_wconf 94' lang='lat' dir='ltr'><em>i</em></span> <span class='ocrx_word' id='word_1_148' title='bbox 1364 1779 1501 1876; x_wconf 84' lang='lat' dir='ltr'><em>Signum</em></span> <span class='ocrx_word' id='word_1_149' title='bbox 1536 1801 1664 1848; x_wconf 86' lang='lat' dir='ltr'><em>manum</em></span> <span class='ocrx_word' id='word_1_150' title='bbox 1692 1771 1876 1871; x_wconf 75' lang='lat' dir='ltr'><em>sopradillo</em></span> <span class='ocrx_word' id='word_1_151' title='bbox 1905 1773 1986 1846; x_wconf 84' lang='lat' dir='ltr'><em>Ucbo</em></span> <span class='ocrx_word' id='word_1_152' title='bbox 2013 1785 2077 1847; x_wconf 89' lang='lat' dir='ltr'><em>Co·</em></span> 
     </span>
     <span class='ocr_line' id='line_1_15' title="bbox 455 1873 2073 1976; baseline 0 -30"><span class='ocrx_word' id='word_1_153' title='bbox 455 1879 529 1976; x_wconf 78' lang='lat' dir='ltr'><em>quis</em></span> <span class='ocrx_word' id='word_1_154' title='bbox 550 1903 646 1966; x_wconf 84' lang='lat' dir='ltr'><em>vero,</em></span> <span class='ocrx_word' id='word_1_155' title='bbox 671 1880 753 1975; x_wconf 82' lang='lat' dir='ltr'><em>quod</em></span> <span class='ocrx_word' id='word_1_156' title='bbox 773 1879 918 1969; x_wconf 76' lang='lat' dir='ltr'><em>[uturum</em></span> <span class='ocrx_word' id='word_1_157' title='bbox 945 1875 1001 1970; x_wconf 78' lang='lat' dir='ltr'><em>effe</em></span> <span class='ocrx_word' id='word_1_158' title='bbox 1026 1906 1087 1949; x_wconf 94' lang='lat' dir='ltr'><em>non</em></span> <span class='ocrx_word' id='word_1_159' title='bbox 1113 1885 1220 1968; x_wconf 75' lang='lat' dir='ltr'><em>omae,</em></span> <span class='ocrx_word' id='word_1_160' title='bbox 1315 1904 1398 1969; x_wconf 90' lang='lat' dir='ltr'><em>mes,</em></span> <span class='ocrx_word' id='word_1_161' title='bbox 1433 1879 1489 1976; x_wconf 89' lang='lat' dir='ltr'><em>qni</em></span> <span class='ocrx_word' id='word_1_162' title='bbox 1514 1899 1587 1950; x_wconf 89' lang='lat' dir='ltr'><em>ante</em></span> <span class='ocrx_word' id='word_1_163' title='bbox 1612 1875 1780 1950; x_wconf 88' lang='lat' dir='ltr'><em>Corsulam</em></span> <span class='ocrx_word' id='word_1_164' title='bbox 1806 1873 1990 1966; x_wconf 80' lang='lat' dir='ltr'><em>anserfionis</em></span> <span class='ocrx_word' id='word_1_165' title='bbox 2006 1875 2073 1968; x_wconf 80' lang='lat' dir='ltr'><em>fie-</em></span> 
     </span>
     <span class='ocr_line' id='line_1_16' title="bbox 449 1975 2037 2078; baseline 0.001 -28"><span class='ocrx_word' id='word_1_166' title='bbox 449 1976 484 2068; x_wconf 74' lang='lat' dir='ltr'><em>fi</em></span> <span class='ocrx_word' id='word_1_167' title='bbox 510 2006 565 2076; x_wconf 89' lang='lat' dir='ltr'><em>ego</em></span> <span class='ocrx_word' id='word_1_168' title='bbox 592 1981 648 2075; x_wconf 86' lang='lat' dir='ltr'><em>qui</em></span> <span class='ocrx_word' id='word_1_169' title='bbox 673 1982 764 2076; x_wconf 86' lang='lat' dir='ltr'><em>prius</em></span> <span class='ocrx_word' id='word_1_170' title='bbox 795 1981 875 2051; x_wconf 82' lang='lat' dir='ltr'><em>Uolro</em></span> <span class='ocrx_word' id='word_1_171' title='bbox 902 1987 1031 2068; x_wconf 87' lang='lat' dir='ltr'><em>Cernes,</em></span> <span class='ocrx_word' id='word_1_172' title='bbox 1060 1985 1142 2076; x_wconf 82' lang='lat' dir='ltr'><em>quod</em></span> <span class='ocrx_word' id='word_1_173' title='bbox 1165 1983 1217 2052; x_wconf 83' lang='lat' dir='ltr'><em>ol·</em></span> <span class='ocrx_word' id='word_1_174' title='bbox 1315 1981 1344 2051; x_wconf 90' lang='lat' dir='ltr'><em>ri</em></span> <span class='ocrx_word' id='word_1_175' title='bbox 1370 1979 1506 2078; x_wconf 90' lang='lat' dir='ltr'><em>rogavi,</em></span> <span class='ocrx_word' id='word_1_176' title='bbox 1533 1979 1577 2050; x_wconf 69' lang='lat'><em>67</em></span> <span class='ocrx_word' id='word_1_177' title='bbox 1601 1978 1633 2050; x_wconf 91' lang='lat' dir='ltr'><em>ei</em></span> <span class='ocrx_word' id='word_1_178' title='bbox 1657 1975 1768 2050; x_wconf 77' lang='lat' dir='ltr'><em>relil&#39;la</em></span> <span class='ocrx_word' id='word_1_179' title='bbox 1794 1975 1836 2062; x_wconf 80' lang='lat' dir='ltr'><em>esl</em></span> <span class='ocrx_word' id='word_1_180' title='bbox 1859 1975 2037 2073; x_wconf 82' lang='lat' dir='ltr'><em>utsupra.</em></span> 
     </span>
     <span class='ocr_line' id='line_1_17' title="bbox 448 2077 2073 2178; baseline 0.002 -30"><span class='ocrx_word' id='word_1_181' title='bbox 448 2078 519 2168; x_wconf 77' lang='lat' dir='ltr'><em>fir,</em></span> <span class='ocrx_word' id='word_1_182' title='bbox 542 2102 601 2151; x_wconf 92' lang='lat' dir='ltr'><em>aut</em></span> <span class='ocrx_word' id='word_1_183' title='bbox 627 2081 713 2150; x_wconf 86' lang='lat' dir='ltr'><em>ullos</em></span> <span class='ocrx_word' id='word_1_184' title='bbox 736 2083 776 2152; x_wconf 86' lang='lat' dir='ltr'><em>de</em></span> <span class='ocrx_word' id='word_1_185' title='bbox 798 2080 962 2150; x_wconf 82' lang='lat' dir='ltr'><em>be&#39;redibns</em></span> <span class='ocrx_word' id='word_1_186' title='bbox 985 2081 1029 2149; x_wconf 56' lang='grc' dir='ltr'><em>(θ’</em></span> <span class='ocrx_word' id='word_1_187' title='bbox 1052 2107 1088 2153; x_wconf 91' lang='lat' dir='ltr'><em>ae</em></span> <span class='ocrx_word' id='word_1_188' title='bbox 1112 2089 1217 2176; x_wconf 83' lang='lat' dir='ltr'><em>probe·</em></span> <span class='ocrx_word' id='word_1_189' title='bbox 1362 2088 1499 2178; x_wconf 75' lang='lat' dir='ltr'><em>Signum</em></span> <span class='ocrx_word' id='word_1_190' title='bbox 1538 2079 1684 2154; x_wconf 86' lang='lat' dir='ltr'><em>manibus</em></span> <span class='ocrx_word' id='word_1_191' title='bbox 1717 2077 1866 2150; x_wconf 86' lang='lat' dir='ltr'><em>Guiberti</em></span> <span class='ocrx_word' id='word_1_192' title='bbox 1899 2079 1943 2147; x_wconf 70' lang='grc' dir='ltr'><em>θ’</em></span> <span class='ocrx_word' id='word_1_193' title='bbox 1983 2083 2073 2152; x_wconf 84' lang='lat' dir='ltr'><em>Lon·</em></span> 
     </span>
     <span class='ocr_line' id='line_1_18' title="bbox 454 2177 2074 2278; baseline -0.002 -27"><span class='ocrx_word' id='word_1_194' title='bbox 454 2180 584 2252; x_wconf 75' lang='lat' dir='ltr'><em>oedibus</em></span> <span class='ocrx_word' id='word_1_195' title='bbox 607 2181 708 2270; x_wconf 88' lang='lat' dir='ltr'><em>meis,</em></span> <span class='ocrx_word' id='word_1_196' title='bbox 730 2181 787 2272; x_wconf 82' lang='lat' dir='ltr'><em>seu</em></span> <span class='ocrx_word' id='word_1_197' title='bbox 811 2181 959 2276; x_wconf 85' lang='lat' dir='ltr'><em>quislibet</em></span> <span class='ocrx_word' id='word_1_198' title='bbox 986 2181 1056 2254; x_wconf 89' lang='lat' dir='ltr'><em>ulla</em></span> <span class='ocrx_word' id='word_1_199' title='bbox 1080 2183 1223 2278; x_wconf 79' lang='lat' dir='ltr'><em>obposita</em></span> <span class='ocrx_word' id='word_1_200' title='bbox 1309 2181 1455 2272; x_wconf 70' lang='lat' dir='ltr'><em>franchi,</em></span> <span class='ocrx_word' id='word_1_201' title='bbox 1477 2183 1553 2272; x_wconf 82' lang='lat' dir='ltr'><em>seu.</em></span> <span class='ocrx_word' id='word_1_202' title='bbox 1569 2232 1704 2256; x_wconf 85' lang='lat'><strong>.......</strong></span> <span class='ocrx_word' id='word_1_203' title='bbox 1732 2179 1777 2250; x_wconf 54' lang='grc' dir='ltr'><em>(θ’</em></span> <span class='ocrx_word' id='word_1_204' title='bbox 1801 2177 1869 2252; x_wconf 90' lang='lat' dir='ltr'><em>olio</em></span> <span class='ocrx_word' id='word_1_205' title='bbox 1892 2180 2074 2270; x_wconf 79' lang='lat' dir='ltr'><em>Lausranea</em></span> 
     </span>
     <span class='ocr_line' id='line_1_19' title="bbox 450 2279 1868 2382; baseline 0.001 -32"><span class='ocrx_word' id='word_1_206' title='bbox 450 2281 586 2382; x_wconf 75' lang='lat' dir='ltr'><em>persono</em></span> <span class='ocrx_word' id='word_1_207' title='bbox 605 2302 712 2352; x_wconf 86' lang='lat' dir='ltr'><em>contra</em></span> <span class='ocrx_word' id='word_1_208' title='bbox 734 2309 793 2354; x_wconf 89' lang='lat' dir='ltr'><em>ane</em></span> <span class='ocrx_word' id='word_1_209' title='bbox 812 2283 979 2354; x_wconf 81' lang='lat' dir='ltr'><em>Carsulano</em></span> <span class='ocrx_word' id='word_1_210' title='bbox 997 2282 1159 2374; x_wconf 73' lang='lat' dir='ltr'><em>assensionis</em></span> <span class='ocrx_word' id='word_1_211' title='bbox 1178 2285 1222 2356; x_wconf 86' lang='lat' dir='ltr'><em>ire</em></span> <span class='ocrx_word' id='word_1_212' title='bbox 1313 2290 1393 2379; x_wconf 85' lang='lat' dir='ltr'><em>Lege</em></span> <span class='ocrx_word' id='word_1_213' title='bbox 1418 2283 1676 2357; x_wconf 74' lang='lat' dir='ltr'><em>Alamannorum</em></span> <span class='ocrx_word' id='word_1_214' title='bbox 1699 2279 1868 2355; x_wconf 88' lang='lat' dir='ltr'><em>viventes.</em></span> 
     </span>
    </p>

    <p class='ocr_par' dir='ltr' id='par_1_4' title="bbox 450 2381 2071 2581">
     <span class='ocr_line' id='line_1_20' title="bbox 454 2381 2071 2482; baseline -0.001 -26"><span class='ocrx_word' id='word_1_215' title='bbox 454 2385 639 2482; x_wconf 78' lang='lat' dir='ltr'><em>quandoque</em></span> <span class='ocrx_word' id='word_1_216' title='bbox 658 2383 917 2474; x_wconf 83' lang='lat' dir='ltr'><em>temtaverimus,</em></span> <span class='ocrx_word' id='word_1_217' title='bbox 942 2403 1000 2455; x_wconf 90' lang='lat' dir='ltr'><em>aus</em></span> <span class='ocrx_word' id='word_1_218' title='bbox 1017 2411 1084 2454; x_wconf 85' lang='lat' dir='ltr'><em>cent</em></span> <span class='ocrx_word' id='word_1_219' title='bbox 1101 2406 1158 2480; x_wconf 90' lang='lat' dir='ltr'><em>per</em></span> <span class='ocrx_word' id='word_1_220' title='bbox 1174 2411 1220 2457; x_wconf 91' lang='lat' dir='ltr'><em>co·</em></span> <span class='ocrx_word' id='word_1_221' title='bbox 1248 2383 1280 2454; x_wconf 89' lang='lat' dir='ltr'>C</span> <span class='ocrx_word' id='word_1_222' title='bbox 1360 2383 1497 2480; x_wconf 78' lang='lat' dir='ltr'><em>Signum</em></span> <span class='ocrx_word' id='word_1_223' title='bbox 1531 2383 1675 2458; x_wconf 80' lang='lat' dir='ltr'><em>manibus</em></span> <span class='ocrx_word' id='word_1_224' title='bbox 1700 2382 1842 2472; x_wconf 74' lang='lat' dir='ltr'><em>Adoni,</em></span> <span class='ocrx_word' id='word_1_225' title='bbox 1878 2381 1920 2451; x_wconf 66' lang='grc' dir='ltr'><em>θ</em></span> <span class='ocrx_word' id='word_1_226' title='bbox 1946 2383 2071 2454; x_wconf 81' lang='lat' dir='ltr'><em>Borbo-</em></span> 
     </span>
     <span class='ocr_line' id='line_1_21' title="bbox 450 2483 1877 2581; baseline -0.003 -21"><span class='ocrx_word' id='word_1_227' title='bbox 450 2485 509 2560; x_wconf 83' lang='lat' dir='ltr'><em>vis</em></span> <span class='ocrx_word' id='word_1_228' title='bbox 527 2483 689 2580; x_wconf 84' lang='lat' dir='ltr'><em>ingenium</em></span> <span class='ocrx_word' id='word_1_229' title='bbox 713 2484 892 2581; x_wconf 68' lang='lat' dir='ltr'><em>infrangere</em></span> <span class='ocrx_word' id='word_1_230' title='bbox 909 2483 1128 2580; x_wconf 79' lang='lat' dir='ltr'><em>quesierimus,</em></span> <span class='ocrx_word' id='word_1_231' title='bbox 1149 2507 1223 2559; x_wconf 86' lang='lat' dir='ltr'><em>tnnc</em></span> <span class='ocrx_word' id='word_1_232' title='bbox 1313 2485 1369 2573; x_wconf 88' lang='lat' dir='ltr'><em>ui,</em></span> <span class='ocrx_word' id='word_1_233' title='bbox 1390 2485 1447 2577; x_wconf 80' lang='lat' dir='ltr'><em>seu</em></span> <span class='ocrx_word' id='word_1_234' title='bbox 1473 2483 1538 2558; x_wconf 89' lang='lat' dir='ltr'><em>olio</em></span> <span class='ocrx_word' id='word_1_235' title='bbox 1564 2485 1706 2558; x_wconf 87' lang='lat' dir='ltr'><em>Wiberto</em></span> <span class='ocrx_word' id='word_1_236' title='bbox 1730 2483 1877 2568; x_wconf 76' lang='lat' dir='ltr'><em>restitns.</em></span> 
     </span>
    </p>

    <p class='ocr_par' dir='ltr' id='par_1_5' title="bbox 450 2583 2169 2990">
     <span class='ocr_line' id='line_1_22' title="bbox 454 2583 2072 2684; baseline -0.002 -26"><span class='ocrx_word' id='word_1_237' title='bbox 454 2583 630 2674; x_wconf 74' lang='lat' dir='ltr'><em>inferamus</em></span> <span class='ocrx_word' id='word_1_238' title='bbox 648 2587 693 2658; x_wconf 86' lang='lat' dir='ltr'><em>orl</em></span> <span class='ocrx_word' id='word_1_239' title='bbox 712 2586 805 2660; x_wconf 88' lang='lat' dir='ltr'><em>illorn</em></span> <span class='ocrx_word' id='word_1_240' title='bbox 831 2606 974 2681; x_wconf 85' lang='lat' dir='ltr'><em>partem,</em></span> <span class='ocrx_word' id='word_1_241' title='bbox 1001 2610 1107 2661; x_wconf 86' lang='lat' dir='ltr'><em>centro</em></span> <span class='ocrx_word' id='word_1_242' title='bbox 1132 2616 1221 2684; x_wconf 84' lang='lat' dir='ltr'><em>quern</em></span> <span class='ocrx_word' id='word_1_243' title='bbox 1363 2593 1434 2684; x_wconf 81' lang='lat' dir='ltr'><em>Ego</em></span> <span class='ocrx_word' id='word_1_244' title='bbox 1459 2585 1516 2682; x_wconf 89' lang='lat' dir='ltr'><em>qui</em></span> <span class='ocrx_word' id='word_1_245' title='bbox 1538 2587 1629 2684; x_wconf 84' lang='lat' dir='ltr'><em>prius</em></span> <span class='ocrx_word' id='word_1_246' title='bbox 1656 2584 1817 2658; x_wconf 82' lang='lat' dir='ltr'><em>Riboldns</em></span> <span class='ocrx_word' id='word_1_247' title='bbox 1846 2584 1999 2656; x_wconf 85' lang='lat' dir='ltr'><em>Notarius</em></span> <span class='ocrx_word' id='word_1_248' title='bbox 2023 2585 2072 2656; x_wconf 75' lang='grc'><em>(9·</em></span> 
     </span>
     <span class='ocr_line' id='line_1_23' title="bbox 454 2685 2169 2786; baseline -0.001 -29"><span class='ocrx_word' id='word_1_249' title='bbox 454 2687 568 2786; x_wconf 80' lang='lat' dir='ltr'><em>eprinde</em></span> <span class='ocrx_word' id='word_1_250' title='bbox 592 2685 682 2756; x_wconf 87' lang='lat' dir='ltr'><em>litem</em></span> <span class='ocrx_word' id='word_1_251' title='bbox 708 2686 877 2776; x_wconf 89' lang='lat' dir='ltr'><em>intulerit,</em></span> <span class='ocrx_word' id='word_1_252' title='bbox 912 2690 1036 2778; x_wconf 87' lang='lat' dir='ltr'><em>multa,</em></span> <span class='ocrx_word' id='word_1_253' title='bbox 1071 2694 1154 2784; x_wconf 80' lang='lat' dir='ltr'><em>qnod</em></span> <span class='ocrx_word' id='word_1_254' title='bbox 1177 2689 1219 2776; x_wconf 71' lang='lat' dir='ltr'><em>cll</em></span> <span class='ocrx_word' id='word_1_255' title='bbox 1301 2695 1332 2780; x_wconf 86' lang='lat' dir='ltr'><em>J</em></span> <span class='ocrx_word' id='word_1_256' title='bbox 1333 2692 1414 2760; x_wconf 81' lang='lat' dir='ltr'><em>oden</em></span> <span class='ocrx_word' id='word_1_257' title='bbox 1438 2687 1530 2761; x_wconf 75' lang='lat' dir='ltr'><em>Sacri</em></span> <span class='ocrx_word' id='word_1_258' title='bbox 1555 2687 1682 2762; x_wconf 84' lang='lat' dir='ltr'><em>Palatii</em></span> <span class='ocrx_word' id='word_1_259' title='bbox 1706 2707 1833 2783; x_wconf 87' lang='lat' dir='ltr'><em>rogatus</em></span> <span class='ocrx_word' id='word_1_260' title='bbox 1854 2685 2015 2784; x_wconf 74' lang='lat' dir='ltr'><em>perscripfi</em></span> <span class='ocrx_word' id='word_1_261' title='bbox 2033 2715 2072 2758; x_wconf 83' lang='lat' dir='ltr'><em>u·</em></span> <span class='ocrx_word' id='word_1_262' title='bbox 2167 2719 2169 2722; x_wconf 94' lang='lat'>·</span> 
     </span>
     <span class='ocr_line' id='line_1_24' title="bbox 450 2787 2069 2888; baseline 0.001 -29"><span class='ocrx_word' id='word_1_263' title='bbox 450 2807 539 2888; x_wconf 86' lang='lat' dir='ltr'><em>peno</em></span> <span class='ocrx_word' id='word_1_264' title='bbox 563 2813 641 2860; x_wconf 86' lang='lat' dir='ltr'><em>aueo</em></span> <span class='ocrx_word' id='word_1_265' title='bbox 666 2789 779 2860; x_wconf 86' lang='lat' dir='ltr'><em>obtimo</em></span> <span class='ocrx_word' id='word_1_266' title='bbox 805 2788 908 2860; x_wconf 86' lang='lat' dir='ltr'><em>uncies</em></span> <span class='ocrx_word' id='word_1_267' title='bbox 934 2810 1022 2879; x_wconf 79' lang='lat' dir='ltr'><em>tren,</em></span> <span class='ocrx_word' id='word_1_268' title='bbox 1050 2791 1093 2860; x_wconf 73' lang='lat'><em>&amp;</em></span> <span class='ocrx_word' id='word_1_269' title='bbox 1114 2791 1215 2862; x_wconf 80' lang='lat' dir='ltr'><em>arien-</em></span> <span class='ocrx_word' id='word_1_270' title='bbox 1307 2791 1383 2886; x_wconf 85' lang='lat' dir='ltr'><em>gius</em></span> <span class='ocrx_word' id='word_1_271' title='bbox 1408 2790 1540 2860; x_wconf 82' lang='lat' dir='ltr'><em>Caerulo</em></span> <span class='ocrx_word' id='word_1_272' title='bbox 1565 2787 1770 2880; x_wconf 72' lang='lat' dir='ltr'><em>anftrfionis,</em></span> <span class='ocrx_word' id='word_1_273' title='bbox 1793 2788 1970 2885; x_wconf 78' lang='lat' dir='ltr'><em>poslradita</em></span> <span class='ocrx_word' id='word_1_274' title='bbox 1991 2813 2069 2860; x_wconf 78' lang='lat' dir='ltr'><em>cotn-</em></span> 
     </span>
     <span class='ocr_line' id='line_1_25' title="bbox 452 2889 1623 2990; baseline 0.003 -29"><span class='ocrx_word' id='word_1_275' title='bbox 452 2910 524 2961; x_wconf 84' lang='lat' dir='ltr'><em>tum</em></span> <span class='ocrx_word' id='word_1_276' title='bbox 545 2890 702 2986; x_wconf 69' lang='lat' dir='ltr'><em>pandum</em></span> <span class='ocrx_word' id='word_1_277' title='bbox 722 2889 805 2982; x_wconf 79' lang='lat' dir='ltr'><em>fen:</em></span> <span class='ocrx_word' id='word_1_278' title='bbox 831 2890 874 2960; x_wconf 62' lang='grc' dir='ltr'><em>θ</em></span> <span class='ocrx_word' id='word_1_279' title='bbox 900 2894 982 2986; x_wconf 77' lang='lat' dir='ltr'><em>quael</em></span> <span class='ocrx_word' id='word_1_280' title='bbox 1008 2891 1217 2987; x_wconf 79' lang='lat' dir='ltr'><em>repetierimus</em></span> <span class='ocrx_word' id='word_1_281' title='bbox 1308 2891 1414 2990; x_wconf 69' lang='lat' dir='ltr'><em>plevis</em></span> <span class='ocrx_word' id='word_1_282' title='bbox 1439 2891 1484 2960; x_wconf 68' lang='lat'><em>(7</em></span> <span class='ocrx_word' id='word_1_283' title='bbox 1508 2889 1623 2964; x_wconf 77' lang='lat' dir='ltr'><em>dedit.</em></span> 
     </span>
    </p>

    <p class='ocr_par' dir='ltr' id='par_1_6' title="bbox 447 2987 2078 4100">
     <span class='ocr_line' id='line_1_26' title="bbox 456 2987 2069 3094; baseline 0.004 -32"><span class='ocrx_word' id='word_1_284' title='bbox 456 2990 500 3062; x_wconf 68' lang='grc' dir='ltr'><em>Φ</em></span> <span class='ocrx_word' id='word_1_285' title='bbox 529 2990 697 3064; x_wconf 80' lang='lat' dir='ltr'><em>vindicare</em></span> <span class='ocrx_word' id='word_1_286' title='bbox 723 3017 783 3065; x_wconf 87' lang='lat' dir='ltr'><em>non</em></span> <span class='ocrx_word' id='word_1_287' title='bbox 810 2991 986 3079; x_wconf 85' lang='lat' dir='ltr'><em>valenros;</em></span> <span class='ocrx_word' id='word_1_288' title='bbox 1012 2993 1063 3083; x_wconf 82' lang='lat' dir='ltr'><em>Jer</em></span> <span class='ocrx_word' id='word_1_289' title='bbox 1094 2993 1220 3094; x_wconf 71' lang='lat' dir='ltr'><em>presens</em></span> <span class='ocrx_word' id='word_1_290' title='bbox 1360 2993 1399 3066; x_wconf 85' lang='lat' dir='ltr'><em>In</em></span> <span class='ocrx_word' id='word_1_291' title='bbox 1421 2987 1580 3066; x_wconf 79' lang='lat' dir='ltr'><em>Bullario</em></span> <span class='ocrx_word' id='word_1_292' title='bbox 1606 3015 1745 3092; x_wconf 82' lang='lat' dir='ltr'><em>quoque</em></span> <span class='ocrx_word' id='word_1_293' title='bbox 1766 2989 1938 3066; x_wconf 83' lang='lat' dir='ltr'><em>Cafinenfi</em></span> <span class='ocrx_word' id='word_1_294' title='bbox 1959 2994 2069 3070; x_wconf 81' lang='lat' dir='ltr'><em>Tom.</em></span> 
     </span>
     <span class='ocr_line' id='line_1_27' title="bbox 455 3091 2070 3190; baseline 0.001 -23"><span class='ocrx_word' id='word_1_295' title='bbox 455 3119 516 3167; x_wconf 85' lang='lat' dir='ltr'><em>ano</em></span> <span class='ocrx_word' id='word_1_296' title='bbox 541 3094 710 3164; x_wconf 82' lang='lat' dir='ltr'><em>Consulem</em></span> <span class='ocrx_word' id='word_1_297' title='bbox 743 3091 926 3182; x_wconf 72' lang='lat' dir='ltr'><em>anseefionis</em></span> <span class='ocrx_word' id='word_1_298' title='bbox 959 3093 1118 3164; x_wconf 82' lang='lat' dir='ltr'><em>diuturnis</em></span> <span class='ocrx_word' id='word_1_299' title='bbox 1143 3115 1217 3166; x_wconf 88' lang='lat' dir='ltr'><em>tem·</em></span> <span class='ocrx_word' id='word_1_300' title='bbox 1312 3119 1344 3168; x_wconf 83' lang='lat' dir='ltr'><em>e.</em></span> <span class='ocrx_word' id='word_1_301' title='bbox 1373 3091 1627 3168; x_wconf 81' lang='lat' dir='ltr'><em>Constitution.</em></span> <span class='ocrx_word' id='word_1_302' title='bbox 1660 3117 1741 3190; x_wconf 80' lang='lat'><strong>¹45·</strong></span> <span class='ocrx_word' id='word_1_303' title='bbox 1769 3091 1957 3168; x_wconf 83' lang='lat' dir='ltr'><em>exhibetur</em></span> <span class='ocrx_word' id='word_1_304' title='bbox 1983 3095 2070 3168; x_wconf 85' lang='lat' dir='ltr'><em>alte·</em></span> 
     </span>
     <span class='ocr_line' id='line_1_28' title="bbox 450 3191 2069 3290; baseline 0.004 -29"><span class='ocrx_word' id='word_1_305' title='bbox 450 3193 582 3290; x_wconf 77' lang='lat' dir='ltr'><em>poribus</em></span> <span class='ocrx_word' id='word_1_306' title='bbox 598 3194 699 3288; x_wconf 84' lang='lat' dir='ltr'><em>firma</em></span> <span class='ocrx_word' id='word_1_307' title='bbox 726 3195 769 3262; x_wconf 65' lang='grc' dir='ltr'><em>Θ</em></span> <span class='ocrx_word' id='word_1_308' title='bbox 789 3191 920 3280; x_wconf 75' lang='lat' dir='ltr'><em>stabilis</em></span> <span class='ocrx_word' id='word_1_309' title='bbox 952 3215 1135 3290; x_wconf 84' lang='lat' dir='ltr'><em>permaneat</em></span> <span class='ocrx_word' id='word_1_310' title='bbox 1159 3199 1216 3269; x_wconf 81' lang='lat' dir='ltr'><em>ocl-</em></span> <span class='ocrx_word' id='word_1_311' title='bbox 1312 3223 1349 3270; x_wconf 88' lang='lat' dir='ltr'><em>ra</em></span> <span class='ocrx_word' id='word_1_312' title='bbox 1377 3193 1536 3270; x_wconf 80' lang='lat' dir='ltr'><em>Donatio</em></span> <span class='ocrx_word' id='word_1_313' title='bbox 1563 3198 1673 3270; x_wconf 83' lang='lat' dir='ltr'><em>Anno</em></span> <span class='ocrx_word' id='word_1_314' title='bbox 1703 3197 1877 3270; x_wconf 83' lang='lat' dir='ltr'>Mcxlx.</span> <span class='ocrx_word' id='word_1_315' title='bbox 1907 3193 1999 3272; x_wconf 65' lang='lat' dir='ltr'><em>lolia</em></span> <span class='ocrx_word' id='word_1_316' title='bbox 2025 3196 2069 3269; x_wconf 87' lang='lat' dir='ltr'><em>ab</em></span> 
     </span>
     <span class='ocr_line' id='line_1_29' title="bbox 454 3293 2070 3392; baseline 0.002 -28"><span class='ocrx_word' id='word_1_317' title='bbox 454 3321 514 3390; x_wconf 84' lang='lat' dir='ltr'><em>qne</em></span> <span class='ocrx_word' id='word_1_318' title='bbox 537 3293 702 3390; x_wconf 73' lang='lat' dir='ltr'><em>perfisiar,</em></span> <span class='ocrx_word' id='word_1_319' title='bbox 729 3295 773 3364; x_wconf 68' lang='grc' dir='ltr'><em>Φ·</em></span> <span class='ocrx_word' id='word_1_320' title='bbox 797 3299 843 3368; x_wconf 76' lang='lat' dir='ltr'><em>od</em></span> <span class='ocrx_word' id='word_1_321' title='bbox 867 3321 916 3366; x_wconf 88' lang='lat' dir='ltr'><em>nte</em></span> <span class='ocrx_word' id='word_1_322' title='bbox 940 3295 996 3392; x_wconf 83' lang='lat' dir='ltr'><em>qni</em></span> <span class='ocrx_word' id='word_1_323' title='bbox 1018 3296 1109 3390; x_wconf 88' lang='lat' dir='ltr'><em>prius</em></span> <span class='ocrx_word' id='word_1_324' title='bbox 1136 3304 1218 3372; x_wconf 80' lang='lat' dir='ltr'><em>[loeo</em></span> <span class='ocrx_word' id='word_1_325' title='bbox 1249 3305 1282 3373; x_wconf 92' lang='lat' dir='ltr'>D</span> <span class='ocrx_word' id='word_1_326' title='bbox 1313 3301 1452 3387; x_wconf 86' lang='lat' dir='ltr'><em>Uberes,</em></span> <span class='ocrx_word' id='word_1_327' title='bbox 1493 3295 1551 3372; x_wconf 84' lang='lat' dir='ltr'><em>tui</em></span> <span class='ocrx_word' id='word_1_328' title='bbox 1587 3295 1680 3375; x_wconf 82' lang='lat' dir='ltr'><em>idem</em></span> <span class='ocrx_word' id='word_1_329' title='bbox 1719 3297 1845 3370; x_wconf 81' lang='lat' dir='ltr'><em>titulus</em></span> <span class='ocrx_word' id='word_1_330' title='bbox 1885 3303 1994 3367; x_wconf 77' lang='lat' dir='ltr'><em>Comen</em></span> <span class='ocrx_word' id='word_1_331' title='bbox 2028 3307 2070 3368; x_wconf 82' lang='lat' dir='ltr'><em>da</em></span> 
     </span>
     <span class='ocr_line' id='line_1_30' title="bbox 453 3390 2078 3494; baseline 0 -29"><span class='ocrx_word' id='word_1_332' title='bbox 453 3401 564 3470; x_wconf 83' lang='lat' dir='ltr'><em>comes</em></span> <span class='ocrx_word' id='word_1_333' title='bbox 589 3421 655 3467; x_wconf 89' lang='lat' dir='ltr'><em>una</em></span> <span class='ocrx_word' id='word_1_334' title='bbox 688 3421 756 3468; x_wconf 84' lang='lat' dir='ltr'><em>cnm</em></span> <span class='ocrx_word' id='word_1_335' title='bbox 790 3397 868 3467; x_wconf 89' lang='lat' dir='ltr'><em>meis</em></span> <span class='ocrx_word' id='word_1_336' title='bbox 900 3395 1065 3468; x_wconf 70' lang='lat' dir='ltr'><em>benitas</em></span> <span class='ocrx_word' id='word_1_337' title='bbox 1088 3424 1111 3470; x_wconf 86' lang='lat' dir='ltr'><em>a</em></span> <span class='ocrx_word' id='word_1_338' title='bbox 1141 3421 1217 3494; x_wconf 86' lang='lat' dir='ltr'><em>pars</em></span> <span class='ocrx_word' id='word_1_339' title='bbox 1309 3403 1499 3473; x_wconf 68' lang='lat' dir='ltr'><em>sabloneta.</em></span> <span class='ocrx_word' id='word_1_340' title='bbox 1533 3397 1676 3474; x_wconf 76' lang='lat' dir='ltr'><em>Montio</em></span> <span class='ocrx_word' id='word_1_341' title='bbox 1702 3415 1816 3472; x_wconf 81' lang='lat' dir='ltr'><em>autem</em></span> <span class='ocrx_word' id='word_1_342' title='bbox 1854 3396 1953 3492; x_wconf 81' lang='lat' dir='ltr'><em>supra</em></span> <span class='ocrx_word' id='word_1_343' title='bbox 1987 3390 2078 3477; x_wconf 47' lang='lat' dir='ltr'><em>lan!¹</em></span> 
     </span>
     <span class='ocr_line' id='line_1_31' title="bbox 447 3495 2064 3601; baseline 0.001 -33"><span class='ocrx_word' id='word_1_344' title='bbox 447 3495 666 3593; x_wconf 77' lang='lat' dir='ltr'><em>suprascripta</em></span> <span class='ocrx_word' id='word_1_345' title='bbox 705 3495 845 3583; x_wconf 81' lang='lat' dir='ltr'><em>Ecclefia</em></span> <span class='ocrx_word' id='word_1_346' title='bbox 861 3569 864 3576; x_wconf 85' lang='grc'><em>,</em></span> <span class='ocrx_word' id='word_1_347' title='bbox 879 3498 1095 3596; x_wconf 82' lang='lat' dir='ltr'><em>suprascripta</em></span> <span class='ocrx_word' id='word_1_348' title='bbox 1126 3506 1219 3572; x_wconf 73' lang='lat' dir='ltr'><em>Sorte</em></span> <span class='ocrx_word' id='word_1_349' title='bbox 1309 3499 1381 3574; x_wconf 86' lang='lat' dir='ltr'><em>dari</em></span> <span class='ocrx_word' id='word_1_350' title='bbox 1411 3499 1551 3601; x_wconf 79' lang='lat' dir='ltr'><em>Ugonie</em></span> <span class='ocrx_word' id='word_1_351' title='bbox 1571 3495 1726 3574; x_wconf 82' lang='lat' dir='ltr'><em>Comitis</em></span> <span class='ocrx_word' id='word_1_352' title='bbox 1753 3511 1874 3570; x_wconf 84' lang='lat' dir='ltr'><em>mouet</em></span> <span class='ocrx_word' id='word_1_353' title='bbox 1900 3518 1985 3582; x_wconf 86' lang='lat' dir='ltr'><em>me,</em></span> <span class='ocrx_word' id='word_1_354' title='bbox 2020 3509 2064 3570; x_wconf 80' lang='lat' dir='ltr'><em>ut</em></span> 
     </span>
     <span class='ocr_line' id='line_1_32' title="bbox 455 3593 2070 3700; baseline -0.002 -28"><span class='ocrx_word' id='word_1_355' title='bbox 455 3599 500 3672; x_wconf 64' lang='grc' dir='ltr'>Φ</span> <span class='ocrx_word' id='word_1_356' title='bbox 534 3599 677 3670; x_wconf 82' lang='lat' dir='ltr'><em>omnibus</em></span> <span class='ocrx_word' id='word_1_357' title='bbox 712 3602 801 3670; x_wconf 81' lang='lat' dir='ltr'><em>rebus</em></span> <span class='ocrx_word' id='word_1_358' title='bbox 842 3597 1047 3690; x_wconf 75' lang='lat' dir='ltr'><em>rescellulis,</em></span> <span class='ocrx_word' id='word_1_359' title='bbox 1088 3625 1217 3696; x_wconf 73' lang='lat' dir='ltr'><em>qnorum</em></span> <span class='ocrx_word' id='word_1_360' title='bbox 1310 3601 1482 3700; x_wconf 82' lang='lat' dir='ltr'><em>integram</em></span> <span class='ocrx_word' id='word_1_361' title='bbox 1513 3627 1557 3674; x_wconf 84' lang='lat' dir='ltr'><em>ex</em></span> <span class='ocrx_word' id='word_1_362' title='bbox 1582 3595 1766 3674; x_wconf 81' lang='lat' dir='ltr'><em>oblivione</em></span> <span class='ocrx_word' id='word_1_363' title='bbox 1800 3593 1979 3672; x_wconf 74' lang='lat' dir='ltr'><em>restituam</em></span> <span class='ocrx_word' id='word_1_364' title='bbox 2015 3595 2070 3668; x_wconf 87' lang='lat' dir='ltr'><em>al·</em></span> 
     </span>
     <span class='ocr_line' id='line_1_33' title="bbox 450 3695 2068 3794; baseline -0.004 -26"><span class='ocrx_word' id='word_1_365' title='bbox 450 3697 595 3792; x_wconf 78' lang='lat' dir='ltr'><em>superios</em></span> <span class='ocrx_word' id='word_1_366' title='bbox 638 3699 674 3770; x_wconf 91' lang='lat' dir='ltr'><em>in</em></span> <span class='ocrx_word' id='word_1_367' title='bbox 700 3699 857 3794; x_wconf 84' lang='lat' dir='ltr'><em>integrum</em></span> <span class='ocrx_word' id='word_1_368' title='bbox 890 3701 932 3772; x_wconf 83' lang='lat' dir='ltr'><em>ab</em></span> <span class='ocrx_word' id='word_1_369' title='bbox 962 3701 1049 3770; x_wconf 90' lang='lat' dir='ltr'><em>omni</em></span> <span class='ocrx_word' id='word_1_370' title='bbox 1081 3727 1216 3777; x_wconf 74' lang='lat' dir='ltr'><em>omanem</em></span> <span class='ocrx_word' id='word_1_371' title='bbox 1307 3719 1416 3776; x_wconf 89' lang='lat' dir='ltr'><em>teram</em></span> <span class='ocrx_word' id='word_1_372' title='bbox 1444 3701 1638 3792; x_wconf 84' lang='lat' dir='ltr'><em>Chartam,</em></span> <span class='ocrx_word' id='word_1_373' title='bbox 1672 3725 1716 3774; x_wconf 83' lang='lat' dir='ltr'><em>ex</em></span> <span class='ocrx_word' id='word_1_374' title='bbox 1751 3695 1874 3773; x_wconf 83' lang='lat' dir='ltr'><em>eodem</em></span> <span class='ocrx_word' id='word_1_375' title='bbox 1908 3695 2068 3770; x_wconf 86' lang='lat' dir='ltr'><em>Tabula.</em></span> 
     </span>
     <span class='ocr_line' id='line_1_34' title="bbox 451 3797 2068 3898; baseline -0.003 -28"><span class='ocrx_word' id='word_1_376' title='bbox 451 3797 637 3888; x_wconf 72' lang='lat' dir='ltr'><em>defensare:</em></span> <span class='ocrx_word' id='word_1_377' title='bbox 672 3799 755 3894; x_wconf 76' lang='lat' dir='ltr'><em>quea</em></span> <span class='ocrx_word' id='word_1_378' title='bbox 780 3797 815 3883; x_wconf 84' lang='lat' dir='ltr'><em>st</em></span> <span class='ocrx_word' id='word_1_379' title='bbox 837 3798 997 3891; x_wconf 73' lang='lat' dir='ltr'><em>defensare</em></span> <span class='ocrx_word' id='word_1_380' title='bbox 1022 3827 1085 3874; x_wconf 88' lang='lat' dir='ltr'><em>non</em></span> <span class='ocrx_word' id='word_1_381' title='bbox 1106 3823 1212 3898; x_wconf 83' lang='lat' dir='ltr'><em>posue·</em></span> <span class='ocrx_word' id='word_1_382' title='bbox 1308 3803 1363 3878; x_wconf 83' lang='lat' dir='ltr'><em>rio</em></span> <span class='ocrx_word' id='word_1_383' title='bbox 1382 3803 1641 3878; x_wconf 85' lang='lat' dir='ltr'><em>Monachotum</em></span> <span class='ocrx_word' id='word_1_384' title='bbox 1665 3804 1714 3876; x_wconf 85' lang='lat' dir='ltr'><em>Re</em></span> <span class='ocrx_word' id='word_1_385' title='bbox 1741 3797 1886 3872; x_wconf 79' lang='lat' dir='ltr'><em>ienstum</em></span> <span class='ocrx_word' id='word_1_386' title='bbox 1905 3799 2068 3893; x_wconf 80' lang='lat' dir='ltr'><em>deprom-</em></span> 
     </span>
     <span class='ocr_line' id='line_1_35' title="bbox 451 3827 2067 4004; baseline 0.001 -34"><span class='ocrx_word' id='word_1_387' title='bbox 451 3897 578 3987; x_wconf 80' lang='lat' dir='ltr'><em>rimus‚</em></span> <span class='ocrx_word' id='word_1_388' title='bbox 603 3895 714 3984; x_wconf 80' lang='lat' dir='ltr'><em>norli</em></span> <span class='ocrx_word' id='word_1_389' title='bbox 737 3899 889 3990; x_wconf 78' lang='lat' dir='ltr'><em>adenrjns</em></span> <span class='ocrx_word' id='word_1_390' title='bbox 913 3931 935 3974; x_wconf 90' lang='lat' dir='ltr'><em>a</em></span> <span class='ocrx_word' id='word_1_391' title='bbox 957 3922 1035 3997; x_wconf 87' lang='lat' dir='ltr'><em>pars</em></span> <span class='ocrx_word' id='word_1_392' title='bbox 1062 3903 1209 4000; x_wconf 86' lang='lat' dir='ltr'><em>sopradi·</em></span> <span class='ocrx_word' id='word_1_393' title='bbox 1306 3925 1406 3996; x_wconf 87' lang='lat' dir='ltr'><em>tam,</em></span> <span class='ocrx_word' id='word_1_394' title='bbox 1442 3929 1634 4004; x_wconf 83' lang='lat' dir='ltr'><em>perquam</em></span> <span class='ocrx_word' id='word_1_395' title='bbox 1671 3827 1802 3975; x_wconf 59' lang='lat' dir='ltr'><em>noiilis</em></span> <span class='ocrx_word' id='word_1_396' title='bbox 1830 3899 1913 3976; x_wconf 80' lang='lat' dir='ltr'><em>viri</em></span> <span class='ocrx_word' id='word_1_397' title='bbox 1947 3897 2067 3974; x_wconf 76' lang='lat' dir='ltr'><em>Pami-</em></span> 
     </span>
     <span class='ocr_line' id='line_1_36' title="bbox 451 3997 1839 4100; baseline 0.004 -29"><span class='ocrx_word' id='word_1_398' title='bbox 451 3997 504 4072; x_wconf 71' lang='lat' dir='ltr'><em>na</em></span> <span class='ocrx_word' id='word_1_399' title='bbox 532 3999 668 4085; x_wconf 81' lang='lat' dir='ltr'><em>Ecclefia</em></span> <span class='ocrx_word' id='word_1_400' title='bbox 693 4001 805 4072; x_wconf 71' lang='lat' dir='ltr'><em>exinde</em></span> <span class='ocrx_word' id='word_1_401' title='bbox 826 4003 958 4100; x_wconf 84' lang='lat' dir='ltr'><em>aliquod</em></span> <span class='ocrx_word' id='word_1_402' title='bbox 980 4026 1037 4100; x_wconf 85' lang='lat' dir='ltr'><em>per</em></span> <span class='ocrx_word' id='word_1_403' title='bbox 1058 4007 1145 4080; x_wconf 74' lang='lat' dir='ltr'><em>novis</em></span> <span class='ocrx_word' id='word_1_404' title='bbox 1162 4007 1210 4078; x_wconf 84' lang='lat' dir='ltr'><em>in·</em></span> <span class='ocrx_word' id='word_1_405' title='bbox 1306 4005 1355 4084; x_wconf 85' lang='lat' dir='ltr'><em>lia</em></span> <span class='ocrx_word' id='word_1_406' title='bbox 1379 4007 1596 4085; x_wconf 81' lang='lat' dir='ltr'><em>luculentius</em></span> <span class='ocrx_word' id='word_1_407' title='bbox 1620 4003 1839 4081; x_wconf 84' lang='lat' dir='ltr'><em>illustretur.</em></span> 
     </span>
    </p>

    <p class='ocr_par' dir='ltr' id='par_1_7' title="bbox 447 4100 1294 4209">
     <span class='ocr_line' id='line_1_37' title="bbox 447 4100 1294 4209; baseline 0.013 -39"><span class='ocrx_word' id='word_1_408' title='bbox 447 4100 579 4200; x_wconf 87' lang='lat' dir='ltr'><em>genium</em></span> <span class='ocrx_word' id='word_1_409' title='bbox 597 4102 782 4201; x_wconf 79' lang='lat' dir='ltr'><em>[ultragete</em></span> <span class='ocrx_word' id='word_1_410' title='bbox 815 4105 1040 4202; x_wconf 79' lang='lat' dir='ltr'><em>quesierimus,</em></span> <span class='ocrx_word' id='word_1_411' title='bbox 1076 4128 1152 4184; x_wconf 87' lang='lat' dir='ltr'><em>tuno</em></span> <span class='ocrx_word' id='word_1_412' title='bbox 1176 4107 1211 4180; x_wconf 92' lang='lat' dir='ltr'><em>in</em></span> <span class='ocrx_word' id='word_1_413' title='bbox 1286 4179 1294 4209; x_wconf 62' lang='lat'><em>,</em></span> 
     </span>
    </p>
   </div>
   <div class='ocr_carea' id='block_1_3' title="bbox 448 4321 2063 4802">
    <p class='ocr_par' dir='ltr' id='par_1_8' title="bbox 448 4321 2063 4802">
     <span class='ocr_line' id='line_1_38' title="bbox 448 4321 2063 4446; baseline 0.001 -35"><span class='ocrx_word' id='word_1_414' title='bbox 448 4321 553 4436; x_wconf 78' lang='lat' dir='ltr'><em>Boio</em></span> <span class='ocrx_word' id='word_1_415' title='bbox 583 4321 891 4417; x_wconf 74' lang='lat' dir='ltr'><em>Archidiaoonus</em></span> <span class='ocrx_word' id='word_1_416' title='bbox 933 4331 1169 4442; x_wconf 74' lang='lat' dir='ltr'><em>Parmensis,</em></span> <span class='ocrx_word' id='word_1_417' title='bbox 1199 4329 1385 4424; x_wconf 79' lang='lat' dir='ltr'><em>Albertus</em></span> <span class='ocrx_word' id='word_1_418' title='bbox 1416 4340 1590 4439; x_wconf 78' lang='lat' dir='ltr'><em>Comes,</em></span> <span class='ocrx_word' id='word_1_419' title='bbox 1618 4357 1836 4446; x_wconf 85' lang='lat' dir='ltr'><em>eorumque</em></span> <span class='ocrx_word' id='word_1_420' title='bbox 1882 4321 2063 4416; x_wconf 78' lang='lat' dir='ltr'><em>Consan-</em></span> 
     </span>
     <span class='ocr_line' id='line_1_39' title="bbox 537 4442 1960 4568; baseline -0.001 -36"><span class='ocrx_word' id='word_1_421' title='bbox 537 4442 670 4558; x_wconf 79' lang='lat' dir='ltr'><em>guinei</em></span> <span class='ocrx_word' id='word_1_422' title='bbox 702 4449 740 4528; x_wconf 71' lang='lat' dir='ltr'><em>&amp;a</em></span> <span class='ocrx_word' id='word_1_423' title='bbox 773 4453 947 4553; x_wconf 78' lang='lat' dir='ltr'><em>Affiues,</em></span> <span class='ocrx_word' id='word_1_424' title='bbox 977 4449 1223 4537; x_wconf 80' lang='lat' dir='ltr'><em>Monasterio</em></span> <span class='ocrx_word' id='word_1_425' title='bbox 1252 4453 1434 4568; x_wconf 75' lang='lat' dir='ltr'><em>Regienfi</em></span> <span class='ocrx_word' id='word_1_426' title='bbox 1466 4452 1600 4541; x_wconf 70' lang='lat' dir='ltr'><em>Seueri</em></span> <span class='ocrx_word' id='word_1_427' title='bbox 1632 4449 1826 4564; x_wconf 79' lang='lat' dir='ltr'><em>Prosperi,</em></span> <span class='ocrx_word' id='word_1_428' title='bbox 1855 4473 1960 4538; x_wconf 84' lang='lat' dir='ltr'><em>nunc</em></span> 
     </span>
     <span class='ocr_line' id='line_1_40' title="bbox 669 4561 1840 4686; baseline 0.003 -36"><span class='ocrx_word' id='word_1_429' title='bbox 669 4561 802 4650; x_wconf 69' lang='lat' dir='ltr'><em>senui</em></span> <span class='ocrx_word' id='word_1_430' title='bbox 838 4565 963 4673; x_wconf 83' lang='lat' dir='ltr'><em>Petri,</em></span> <span class='ocrx_word' id='word_1_431' title='bbox 991 4569 1144 4656; x_wconf 85' lang='lat' dir='ltr'><em>donant</em></span> <span class='ocrx_word' id='word_1_432' title='bbox 1176 4572 1380 4686; x_wconf 76' lang='lat' dir='ltr'><em>Capellam</em></span> <span class='ocrx_word' id='word_1_433' title='bbox 1413 4571 1578 4662; x_wconf 62' lang='lat' dir='ltr'><em>Sanciae</em></span> <span class='ocrx_word' id='word_1_434' title='bbox 1611 4569 1764 4666; x_wconf 78' lang='lat' dir='ltr'><em>Mariae</em></span> <span class='ocrx_word' id='word_1_435' title='bbox 1797 4569 1840 4655; x_wconf 84' lang='lat' dir='ltr'><em>in</em></span> 
     </span>
     <span class='ocr_line' id='line_1_41' title="bbox 715 4681 1793 4802; baseline 0.003 -33"><span class='ocrx_word' id='word_1_436' title='bbox 715 4681 853 4771; x_wconf 80' lang='lat' dir='ltr'><em>Castro</em></span> <span class='ocrx_word' id='word_1_437' title='bbox 884 4681 1082 4774; x_wconf 84' lang='lat' dir='ltr'><em>Gualterii</em></span> <span class='ocrx_word' id='word_1_438' title='bbox 1113 4691 1253 4802; x_wconf 79' lang='lat' dir='ltr'><em>fitam,</em></span> <span class='ocrx_word' id='word_1_439' title='bbox 1283 4683 1437 4780; x_wconf 78' lang='lat' dir='ltr'><em>circiter</em></span> <span class='ocrx_word' id='word_1_440' title='bbox 1466 4697 1632 4778; x_wconf 83' lang='lat' dir='ltr'><em>Annum</em></span> <span class='ocrx_word' id='word_1_441' title='bbox 1668 4693 1793 4796; x_wconf 84' lang='lat'>1098.</span> 
     </span>
    </p>
   </div>
   <div class='ocr_carea' id='block_1_4' title="bbox 331 4912 2067 5224">
    <p class='ocr_par' dir='ltr' id='par_1_9' title="bbox 331 4912 2067 5224">
     <span class='ocr_line' id='line_1_42' title="bbox 331 4912 2064 5102; baseline -0.003 -111"><span class='ocrx_word' id='word_1_442' title='bbox 331 4965 338 4984; x_wconf 84' lang='lat'><strong>·</strong></span> <span class='ocrx_word' id='word_1_443' title='bbox 444 4917 532 5102; x_wconf 83' lang='lat' dir='ltr'><em>IN</em></span> <span class='ocrx_word' id='word_1_444' title='bbox 552 4920 676 4993; x_wconf 78' lang='lat' dir='ltr'><em>nomine</em></span> <span class='ocrx_word' id='word_1_445' title='bbox 696 4917 815 4997; x_wconf 74' lang='lat' dir='ltr'><em>saeue</em></span> <span class='ocrx_word' id='word_1_446' title='bbox 837 4920 881 4990; x_wconf 64' lang='lat' dir='ltr'><em>ti*</em></span> <span class='ocrx_word' id='word_1_447' title='bbox 904 4917 1075 4994; x_wconf 74' lang='lat' dir='ltr'><em>individue</em></span> <span class='ocrx_word' id='word_1_448' title='bbox 1096 4922 1207 4998; x_wconf 80' lang='lat' dir='ltr'><em>Trini·</em></span> <span class='ocrx_word' id='word_1_449' title='bbox 1241 4929 1271 4999; x_wconf 81' lang='grc' dir='ltr'>Ε</span> <span class='ocrx_word' id='word_1_450' title='bbox 1298 4945 1346 4996; x_wconf 89' lang='lat' dir='ltr'><em>ter</em></span> <span class='ocrx_word' id='word_1_451' title='bbox 1366 4922 1463 5020; x_wconf 74' lang='lat' dir='ltr'><em>eins,</em></span> <span class='ocrx_word' id='word_1_452' title='bbox 1494 4927 1635 5001; x_wconf 72' lang='lat' dir='ltr'><em>Comes</em></span> <span class='ocrx_word' id='word_1_453' title='bbox 1652 4945 1769 5020; x_wconf 84' lang='lat' dir='ltr'><em>quoqne</em></span> <span class='ocrx_word' id='word_1_454' title='bbox 1790 4915 1990 4996; x_wconf 78' lang='lat' dir='ltr'><em>walfredus</em></span> <span class='ocrx_word' id='word_1_455' title='bbox 2014 4912 2064 4985; x_wconf 67' lang='grc' dir='ltr'><em>θ’</em></span> 
     </span>
     <span class='ocr_line' id='line_1_43' title="bbox 476 5019 2067 5123; baseline -0.006 -27"><span class='ocrx_word' id='word_1_456' title='bbox 476 5041 481 5052; x_wconf 93' lang='grc'>·</span> <span class='ocrx_word' id='word_1_457' title='bbox 518 5029 616 5096; x_wconf 81' lang='lat' dir='ltr'><em>rotis.</em></span> <span class='ocrx_word' id='word_1_458' title='bbox 653 5019 754 5096; x_wconf 75' lang='lat' dir='ltr'><em>Bere·</em></span> <span class='ocrx_word' id='word_1_459' title='bbox 782 5019 974 5097; x_wconf 82' lang='lat' dir='ltr'><em>Parmenfis</em></span> <span class='ocrx_word' id='word_1_460' title='bbox 998 5025 1205 5106; x_wconf 70' lang='lat' dir='ltr'><em>Arebidiaeo·</em></span> <span class='ocrx_word' id='word_1_461' title='bbox 1299 5027 1402 5101; x_wconf 80' lang='lat' dir='ltr'><em>Beern</em></span> <span class='ocrx_word' id='word_1_462' title='bbox 1437 5025 1631 5115; x_wconf 68' lang='lat' dir='ltr'><em>nunecius,</em></span> <span class='ocrx_word' id='word_1_463' title='bbox 1659 5026 1704 5096; x_wconf 65' lang='grc' dir='ltr'><em>Θ</em></span> <span class='ocrx_word' id='word_1_464' title='bbox 1730 5019 1968 5123; x_wconf 64' lang='lat' dir='ltr'><em>irmengard·</em></span> <span class='ocrx_word' id='word_1_465' title='bbox 1996 5019 2067 5090; x_wconf 88' lang='lat' dir='ltr'><em>Ne·</em></span> 
     </span>
     <span class='ocr_line' id='line_1_44' title="bbox 444 5119 2066 5224; baseline -0.002 -31"><span class='ocrx_word' id='word_1_466' title='bbox 444 5123 949 5215; x_wconf 69' lang='lat' dir='ltr'><em>nue‚A1eeeruoComes,v</em></span> <span class='ocrx_word' id='word_1_467' title='bbox 969 5125 1121 5202; x_wconf 82' lang='lat' dir='ltr'><em>Ubertus</em></span> <span class='ocrx_word' id='word_1_468' title='bbox 1136 5125 1207 5220; x_wconf 74' lang='lat' dir='ltr'><em>foa·</em></span> <span class='ocrx_word' id='word_1_469' title='bbox 1295 5128 1364 5224; x_wconf 82' lang='lat' dir='ltr'><em>pris</em></span> <span class='ocrx_word' id='word_1_470' title='bbox 1389 5155 1515 5222; x_wconf 84' lang='lat' dir='ltr'><em>eornm,</em></span> <span class='ocrx_word' id='word_1_471' title='bbox 1538 5125 1697 5206; x_wconf 83' lang='lat' dir='ltr'><em>Matilda</em></span> <span class='ocrx_word' id='word_1_472' title='bbox 1721 5121 1818 5196; x_wconf 87' lang='lat' dir='ltr'><em>etiam</em></span> <span class='ocrx_word' id='word_1_473' title='bbox 1841 5122 1987 5224; x_wconf 78' lang='lat' dir='ltr'><em>Conjux</em></span> <span class='ocrx_word' id='word_1_474' title='bbox 2011 5119 2066 5190; x_wconf 80' lang='lat' dir='ltr'><em>be·</em></span> 
     </span>
    </p>
   </div>
   <div class='ocr_carea' id='block_1_5' title="bbox 0 0 2272 6164">
    <p class='ocr_par' dir='ltr' id='par_1_10' title="bbox 0 0 2272 6164">
     <span class='ocr_line' id='line_1_45' title="bbox 0 0 2272 6164; baseline 0 5"><span class='ocrx_word' id='word_1_475' title='bbox 0 0 2272 6164; x_wconf 95' lang='lat' dir='ltr'><em> </em></span> 
     </span>
    </p>
   </div>
  </div>
 </body>
</html>
