4628 6148
304 448 390 534 2³3
590 402 1108 502 nrssnnrnrro
1168 366 1516 518 ananan.
1717 435 1807 521 2³4

241 536 342 614 rios:
371 531 467 634 quod
493 549 613 609 tamen
640 528 816 604 affirmare
841 552 906 628 pro
932 549 1005 600 cer·
1034 530 1068 604 A
1094 517 1188 600 tifici
1214 517 1464 597 inservientes.
1501 518 1597 596 Infra
1625 519 1664 597 in
1692 524 1865 600 Differtoi

241 657 282 714 to
309 663 381 711 non
407 634 537 720 aufim,
563 655 779 732 quamquam
810 627 851 702 in
878 626 1004 730 Diplo·
1096 625 1196 700 tione
1216 625 1368 700 LXXV.
1386 627 1427 695 de
1441 625 1509 720 piis
1522 626 1645 699 Laicor.
1660 628 1864 720 Consearera.

239 761 337 815 mate
366 734 561 812 Radelchiss
598 729 841 808 Beneventani
868 728 1002 806 Princi-
1093 745 1282 810 occurrent
1305 723 1410 798 nobis
1435 728 1656 820 Cubicularii,
1680 733 1863 830 Mappula.

241 841 297 944 pis
324 868 367 942 pa
392 894 401 914 .
423 863 512 936 412.
536 833 690 937 ejusdem
716 830 892 911 Chronici
915 833 1003 906 Vui-
1096 831 1162 921 rii,
1181 821 1458 918 Addenrata'res,
1484 835 1529 898 Θ
1546 830 1729 904 Sewientes
1751 833 1867 932 nigri,

241 867 414 1020 turnenirs
440 943 525 1012 haec
551 938 657 1011 verba
682 937 866 1036 leganture
894 935 1006 1006 Liceat
1096 935 1138 1004 de
1155 929 1290 1022 familia
1314 930 1449 1032 Domini
1472 935 1603 1028 Papae.
1635 931 1702 1006 Sed
1728 954 1866 1034 praeter

242 1043 425 1141 Praeposito
450 1037 640 1125 Monallerii
663 1034 779 1110 tanai
801 1035 894 1109 Petri
915 1042 963 1109 A
1096 1032 1162 1106 hos
1187 1029 1306 1124 fuere,
1334 1055 1408 1104 non
1435 1056 1507 1105 uno
1532 1047 1653 1106 tamen
1679 1049 1869 1135 tempore,

236 1143 317 1236 ssrii
332 1143 504 1239 Jecuedbn
525 1138 775 1224 consuetudinem
796 1159 898 1210 terrae
920 1056 1011 1225 effi
1098 1135 1325 1224 Camerarieu,
1362 1131 1649 1226 Bibliothecarius,
1685 1138 1869 1214 essrcbidia·

244 1273 315 1319 usn
341 1245 478 1342 quiaque
503 1247 693 1333 scariones,
721 1239 834 1334 seruos
866 1243 908 1311 de
940 1236 1010 1335 ipsa
1099 1261 1213 1327 anus,
1238 1234 1422 1334 Superilia,
1448 1235 1568 1310 Clerici
1593 1242 1767 1334 Cannae,
1792 1247 1868 1316 asra

240 1347 305 1442 Jua
327 1343 488 1429 Eeelefia.
505 1342 709 1436 satisfacere.
736 1345 861 1440 Itaque
885 1339 1010 1413 Scario-
1100 1338 1374 1430 ebieaneellarius,
1409 1339 1568 1430 Notarii,
1599 1343 1869 1438 Proronorarius,
1911 1403 1913 1413 .

246 1475 325 1524 nun
348 1443 542 1546 appellatio
564 1443 647 1518 inde
670 1458 754 1517 nata
775 1440 917 1516 sortass‘e
938 1439 1009 1514 fue·
1046 1445 1074 1516 B
1100 1439 1871 1537 Canceliarii,Sainiarii,Charrniarius,Pri·

246 1547 321 1640 rit‚
348 1546 444 1647 quod
478 1546 508 1621 ii
545 1545 736 1647 praeeffent
765 1550 906 1637 Suara,
942 1541 1012 1617 sive
1100 1541 1243 1614 miserius
1269 1541 1494 1633 Notariorum,
1520 1543 1781 1638 Primiserinius,
1809 1553 1869 1620 Se.

247 1671 372 1724 turenae
394 1647 410 1746 (
421 1647 514 1724 undo
536 1645 697 1728 manavit
717 1645 884 1721 Italicum
907 1645 1009 1717 Sebie·

247 1754 311 1851 ra)
338 1756 549 1840 Servorum,
576 1747 743 1848 suamque
764 1753 896 1821 scaram
918 1765 1009 1848 rege·

248 1871 354 1939 rent,
390 1850 578 1952 praecipue
602 1849 745 1950 quando
780 1849 824 1923 ad
859 1851 1012 1922 latrones

247 1953 492 2128 ip‘n‘iis'
518 1947 1013 2126 “ile“§sstaiiiiitt

274 2081 330 2128 am
447 2082 470 2127 o

248 2081 432 2229 accur'reri
447 2080 621 2227 neceiimir
640 2169 735 2226 erat.
760 2151 856 2225 Idem
878 2153 1012 2245 Masna·

247 2257 310 2328 siae
349 2255 503 2330 aliorum
541 2258 729 2328 Servorum
767 2251 1013 2354 praestabant,

251 2373 293 2431 ut
318 2355 436 2431 dicam
459 2353 552 2431 infra
575 2355 616 2430 in
643 2355 824 2431 Differtat.
853 2357 952 2428 XIV.
977 2358 1074 2445 dec

250 2460 386 2532 Servis.

303 2563 415 2636 Porro
441 2575 631 2659 antequam
658 2557 906 2634 Differtationi
932 2557 1016 2633 huic

252 2660 361 2738 finem
389 2661 545 2756 faciam,
582 2663 747 2738 brevibus
783 2662 929 2738 innuere
955 2660 1014 2734 sta·

251 2763 309 2838 tui
331 2762 472 2858 aliquot
494 2792 538 2839 ex
560 2763 704 2837 Officiis
720 2789 814 2860 quae
838 2765 927 2837 oiim
953 2790 1014 2836 nu·

252 2865 480 2937 onerabantur
503 2865 541 2937 in
561 2867 658 2936 Auia
681 2862 891 2936 Pontificio.
921 2867 1016 2938 Nam

252 2967 275 3038 i
303 2960 541 3035 vetustiffimis
567 2964 722 3037 Saeculis
748 2963 900 3038 Romani
924 2967 1015 3037 Pon·

253 3061 371 3140 tificcs
393 3062 569 3158 eximium
594 3061 672 3138 suae
695 3062 883 3163 dignitatis
906 3063 1014 3240 splen·

255 3165 378 3242 dorem
413 3164 559 3264 copioso
587 3191 729 3262 quoque
762 3159 799 3238 aa
835 3191 915 3266 prae
943 3169 1018 3241 anti

254 3267 479 3342 officialium
505 3269 541 3340 δι
566 3264 782 3342 famulorum
808 3292 889 3340 cum
916 3269 1014 3343 nobi·
1049 3283 1082 3352 D

254 3367 347 3442 lium
391 3385 469 3441 tum
508 3365 725 3468 ignobilium
764 3387 868 3442 coetu
907 3370 1017 3444 tutati

256 3466 367 3570 sunt3
409 3495 450 3542 ae
485 3466 673 3569 praecipue
712 3467 890 3569 postquam
927 3471 1019 3548 Urbi

256 3571 420 3644 omniurn
448 3570 617 3670 reginae,
652 3597 693 3643 ac
721 3587 778 3644 tot
805 3572 889 3646 aliis
914 3572 1018 3649 Civi-

254 3673 391 3748 tatibus
434 3671 613 3745 dominari
652 3693 869 3772 coeperunt.
910 3677 1038 3773 Supral

255 3773 456 3848 memoravi
481 3773 633 3862 OJiiarios
667 3797 718 3870 ae,
734 3771 905 3871 Delieiosas
931 3781 1023 3852 Pon.

1102 1643 1316 1735 cundieerr'us,
1342 1643 1558 1734 Aliionarir‘,
1583 1647 1803 1719 Vlccdaminus
1828 1647 1871 1722 ss.

1104 1771 1147 1818 ve
1172 1754 1377 1836 Ouonomus,
1406 1745 1599 1835 Vestiarius,
1624 1751 1869 1844 Nomenclarar,

1102 1847 1317 1936 sacellarius,
1339 1848 1500 1920 Ancarius
1522 1846 1593 1922 five
1616 1851 1869 1944 Thesaurarius,
1908 1901 1912 1910 ·

1102 1949 1297 2046 Capeliani,
1320 1951 1563 2042 Buticularius,
1588 1951 1768 2045 Pineerna,
1788 1957 1872 2025 Ma.

1104 2050 1278 2142 resealeru,
1313 2050 1529 2140 Panerarius,
1556 2052 1729 2148 Dapiferi,
1754 2054 1871 2145 Curso·

1104 2177 1173 2242 res,
1190 2155 1223 2243 J
1223 2153 1306 2224 erdere
1328 2155 1479 2224 Camenae
1502 2154 1624 2224 Domni
1645 2159 1777 2252 Papae,
1802 2159 1873 2226 Fa·

1104 2254 1266 2345 miliares,
1301 2253 1505 2346 servientes,
1541 2254 1726 2352 campsores
1750 2256 1874 2328 Damni

1103 2361 1238 2452 Papae,
1270 2354 1343 2426 Scri
1363 2375 1444 2426 tores
1476 2361 1655 2449 Camars,
1691 2364 1873 2449 Carteres,

1106 2481 1257 2554 quorum
1293 2377 1422 2530 §cion
1456 2457 1605 2532 celebris
1640 2456 1800 2557 antiquis
1837 2487 1874 2536 e·

1107 2557 1196 2630 tiam
1223 2557 1378 2632 Saeculis
1407 2561 1543 2633 Romae
1577 2555 1670 2653 fuit,
1698 2562 1846 2660 Virgarii
1861 2618 1874 2655 ,

1104 2659 1240 2731 Seliarii
1254 2714 1265 2751 ,
1301 2657 1461 2758 Magistri
1495 2661 1672 2753 Militum,
1708 2680 1750 2738 ut
1780 2662 1873 2738 aiios

1106 2777 1342 2861 praeteream,
1361 2760 1425 2859 qui
1449 2787 1542 2836 nunc
1563 2764 1756 2838 memoriae
1775 2791 1875 2841 meae

1109 2887 1331 2960 nequaquam
1369 2881 1577 2936 recurrunt.
1618 2868 1667 2938 Et
1702 2867 1875 2963 quoniam

1109 2965 1300 3037 nonnullos
1328 2987 1372 3035 ex
1401 2960 1497 3036 hisce
1522 2962 1750 3040 officialibus
1779 2991 1876 3040 com·

1111 3079 1325 3138 memoratos
1339 3060 1417 3138 vidi
1436 3061 1474 3136 in
1489 3063 1657 3160 Chattis,
1673 3093 1760 3166 quas
1777 3093 1876 3143 com·

1111 3165 1279 3267 plebiitur
1298 3163 1482 3339 Repestum
1497 3169 1645 3242 MStum
1661 3168 1791 3246 Cencii
1806 3173 1878 3246 Ca·

1112 3264 1277 3359 merarii,
1311 3291 1352 3341 ea
1368 3265 1476 3359 dent,
1510 3286 1638 3366 utpote
1662 3297 1753 3369 quae
1786 3297 1877 3348 non.

1111 3369 1195 3445 dum
1221 3367 1337 3444 editae
1361 3366 1526 3462 mount,
1551 3367 1620 3444 huc
1647 3371 1776 3450 inferre
1802 3400 1876 3450 non
1998 3451 2003 3454 .

1110 3471 1346 3646 iocppgrupm
1372 3467 1483 3646 drpati,
1510 3497 1619 3569 quum
1650 3474 1687 3648 t&
1723 3475 1817 3652 aliisS
1832 3475 1877 3549 de

1105 3599 1295 3768 {iinimss
1331 3597 1439 3773 {liri
1456 3597 1875 3755 'itteit‘iffmissz

1105 3780 1246 3870 lucem,
1273 3774 1351 3852 usui
1378 3773 1489 3851 alicui
1515 3775 1582 3853 effe
1608 3775 1761 3880 poffint.

227 3951 452 4046 .Chartola
481 3954 783 4076 permutationis
813 3960 940 4056 Castri
967 3959 1124 4056 Μοιιιίι
1148 3957 1282 4050 &oui
1304 3957 1501 4073 Johaoois
1521 3961 1574 4050 ab
1596 3961 1778 4055 Adriano
1801 3971 1877 4058 IV.

764 4083 870 4196 Papa
898 4077 1050 4195 fatiae,
1087 4085 1211 4168 Anno
1247 4109 1375 4194 1¹57·

267 4299 271 4306 ·
341 4281 390 4348 Ga
419 4275 563 4353 Ubaidus
588 4276 780 4350 cardinalis
810 4277 907 4350 titulo
939 4285 1023 4352 San·
1050 4279 1254 4369 E'bannis,
1283 4275 1369 4370 fictu
1400 4285 1566 4353 Romanae
1590 4279 1748 4368 Ecclesiae
1776 4288 1879 4386 perti·

365 4375 434 4450 liae
451 4377 581 4469 Cressis,
603 4385 790 4452 Procurator
807 4380 940 4455 Domina
956 4388 1023 4453 Pa·
1113 4403 1186 4472 ner,
1212 4381 1257 4450 θ’
1281 4379 1393 4469 nolitis
1415 4379 1593 4456 detinentur
1615 4387 1783 4476 manibus,
1809 4415 1879 4459 suas

252 4501 320 4576 pac
341 4480 491 4550 Adriani
513 4508 552 4550 rec
576 4479 675 4576 ipsius
695 4483 912 4556 mandato&
928 4502 1022 4580 prae·
1109 4481 1250 4572 dislriila
1282 4482 1326 4552 cl·
1355 4483 1475 4580 placito
1502 4483 1583 4577 sue,
1608 4511 1677 4556 crans
1710 4487 1880 4582 domibus,

256 4599 345 4676 cepta
359 4631 376 4669 ,.
406 4579 441 4648 in
474 4579 652 4673 praesentia
681 4582 842 4679 Philippi
877 4584 1023 4658 Saniiae
1112 4584 1225 4674 terris,
1247 4583 1377 4676 vineis,
1393 4583 1515 4678 stiriis,
1525 4586 1723 4684 paludibus,
1739 4589 1878 4684 &pan-

256 4679 359 4758 Sedis
386 4678 614 4778 Apostolicae
648 4684 829 4758 Sacellarii
865 4685 1023 4778 Iudicis,
1112 4685 1230 4777 tanis,
1265 4711 1334 4772 curn
1366 4686 1509 4759 omnihus
1537 4687 1614 4781 suis
1643 4687 1878 4786 pertinentiis,
1911 4693 1914 4700 '

255 4781 379 4856 cambia
402 4781 447 4853 U·
463 4793 607 4878 paraturi
628 4783 692 4856 tibi
709 4786 887 4871 Rornalda
907 4789 948 4857 de
967 4795 1024 4860 A·
1114 4786 1329 4888 molendinis,
1358 4787 1496 4883 pafitum
1530 4789 1564 4858 in
1599 4789 1755 4859 territorio
1779 4796 1878 4866 Cares·

257 4883 382 4980 quine,
416 4883 540 4980 tuisque
562 4883 728 4957 heredibus
751 4914 788 4959 as
806 4885 1021 4982 snaefforibus
1111 4885 1259 4984 punina,
1288 4885 1374 4974 ficut
1408 4889 1491 4961 inter
1509 4888 1584 4982 secas
1608 4889 1803 4964 concluditur
1827 4893 1878 4988 fi.

257 4985 298 5060 a'n
353 5006 546 5081 metuam:
581 4985 660 5074 idesi
692 4989 892 5060 medietatem
926 4993 1025 5062 ratius
1112 5015 1196 5078 nes,·
1230 5009 1297 5062 scut
1313 4991 1451 5063 Dareine
1467 4997 1578 5088 Papae
1596 4990 1641 5060 θ
1656 4989 1789 5084 lanllae
1808 5005 1878 5070 Ro·

254 5089 293 5156 C
356 5087 395 5178 i,
429 5089 513 5183 quud
544 5111 675 5162 ansatur
702 5094 804 5162 Mons
829 5089 945 5164 tanai
961 5092 992 5184 J
994 5119 1024 5162 e·
1110 5117 1223 5166 manac
1245 5091 1402 5179 Ecciefiaa
1419 5093 1585 5190 partirem
1602 5090 1652 5180 fic
1676 5093 1740 5165 tibi
1762 5097 1878 5173 annue

1690 5194 1736 5266 θ
1749 5217 1825 5295 prr·
