4602 6136
302 437 360 522 81'
618 431 624 449 '
971 417 976 436 ’
1192 533 1195 542 .
1737 417 1792 505 82

253 581 1840 652 w

280 671 657 704 annm
925 689 930 704 ι

173 1116 186 1152 ,
243 869 1143 1100 Dtssnurarto
1187 759 1859 1064 strenuus.

442 1310 458 1313 ἡ
478 1284 496 1311 1·
539 1282 545 1283 f
579 1210 1069 1358 Rimi‚quillegnunt³A
1091 1203 1242 1348 scribit,
1285 1279 1352 1331 eos·
1380 1253 1442 1332 sub
1463 1237 1650 1354 'liudoino
1670 1195 1783 1362 ³Rege
1816 1263 1861 1342 in*

518 1380 535 1385 ”
631 1358 634 1393 ’
667 1358 794 1434 ltaliae
817 1356 1006 1432 fundavere
1096 1347 1316 1433 Pannoniam
1356 1355 1480 1436 dusios
1506 1367 1617 1436 'Anno
1655 1367 1863 1460 mimi,

258 1538 261 1557 ,
424 1492 497 1575 ἦ
632 1404 636 1525 l
667 1457 1005 1578 superimperiillo·
1059 1484 1063 1499 ·
1097 1459 1237 1578 tl'puss
1255 1463 1637 1564 duos-&quadraginta
1660 1467 1862 1544 annes'lta·

143 1569 180 1682 Ἀ
261 1553 542 1781 tile-*ut
595 1570 627 1623 ³
668 1588 765 1738 sali
782 1561 1005 1738 ‘ltttll‘t
1098 1563 1207 1736 llll
1236 1563 1897 1744 Rigii‘lusld'lllsiiffiia‘il}‘

263 1732 515 1878 {sss
540 1750 639 1891 off„
668 1769 850 1870 Odoacte,
886 1725 924 1838 dt¹
949 1793 1007 1866 po-
1100 1717 1310 1866 Ptocopium
1345 1691 1435 1866 laih.
1476 1772 1543 1840 lll.
1587 1773 1676 1868 Cap.
1720 1797 1780 1868 3³·
1818 1769 1886 1852 de'

263 1876 641 1969 f--v-tz»,
670 1868 736 1941 stea
785 1867 897 1941 Gothi
950 1867 1011 1942 sub
1098 1869 1199 1940 Bello
1232 1867 1417 1959 Gothico,
1454 1868 1536 1942 dum
1567 1869 1717 1962 scribit,
1752 1871 1862 1974 Gepi-

245 1970 640 2032 ³
674 1969 918 2062 Theoderico,
934 1965 1007 2068 ¹qui·
1101 1969 1159 2044 des
1186 1968 1345 2060 Sirmio,
1379 1989 1418 2042 ac
1447 1972 1578 2044 Daciae
1611 1974 1862 2063 dominantes,

253 2079 319 2152 bus
347 2079 468 2147 datum
495 2071 540 2144 est
565 2071 624 2142 sub
652 2069 756 2145 linem
783 2073 921 2146 ‘saecuti
942 2077 1009 2146 Ae·
1101 2071 1183 2144 dum
1215 2070 1373 2168 prospere
1408 2071 1539 2146 Gothis
1567 2072 1699 2145 bellum
1728 2073 1766 2148 in
1795 2077 1865 2147 Ita·

252 2201 310 2252 rae
331 2174 547 2250 Christianae
570 2171 724 2266 Quinti,
745 2175 903 2248 nobilem
924 2174 1011 2248 hanc
1045 2187 1073 2258 Β
1100 2172 1150 2246 lia
1170 2171 1328 2263 cederet,
1352 2173 1521 2247 leomanis
1542 2173 1745 2274 regionibus
1765 2174 1866 2268 vim,

252 2277 585 2352 Provinciamcutn
610 2274 682 2374 ipsa
705 2277 801 2349 Urbe
822 2281 936 2352 Roma
955 2302 1009 2350 oc·
1100 2301 1140 2348 ac
1178 2273 1406 2348 vastationem
1449 2274 1631 2348 intulisse.
1678 2275 1865 2352 Permovit

251 2377 734 2479 cupare,1imtno&ultra
772 2377 914 2452 ltaliam
951 2377 1007 2452 do
1101 2373 1273 2476 ejusmodi
1309 2375 1489 2476 tempestas
1530 2375 1789 2470 Jullinianum,
1830 2385 1872 2448 ut

251 2479 489 2555 minutionem
510 2477 604 2551 suam
626 2477 851 2577 protendere.
879 2485 1010 2554 Verum
1103 2477 1273 2568 Noricum,
1294 2477 1338 2547 (J
1351 2481 1538 2550 Pannoniae
1552 2481 1760 2569 introitione,
1782 2477 1868 2552 alia·

251 2581 498 2682 langobardis
522 2577 560 2652 in
581 2577 649 2652 hoc
669 2581 788 2681 Regno
809 2582 1012 2674 condendo,
1103 2607 1160 2676 que
1186 2577 1273 2670 lora,
1301 2607 1337 2651 aa
1358 2581 1522 2675 pecuniam
1547 2581 1672 2676 infitprr
1697 2583 1870 2652 maximam

255 2683 334 2758 fitte-
350 2680 580 2770 stabiliendo,
608 2680 750 2755 fortuna
775 2682 807 2757 se
835 2685 946 2784 magis
967 2683 1010 2758 se·
1105 2680 1327 2778 Langobardis
1343 2685 1491 2752 donatur.
1511 2685 1719 2776 Quamobrem
1739 2681 1793 2752 illi
1808 2704 1870 2780 pa·

255 2787 403 2860 euttdam
430 2782 586 2858 obtulit:
616 2807 697 2856 nam
716 2787 818 2858 'ultra
844 2786 914 2862 duo
935 2791 1009 2860 Sae-
1104 2784 1178 2853 triis
1205 2783 1335 2874 sedibus
1368 2782 1516 2874 arietis,
1555 2785 1590 2854 in
1625 2785 1762 2876 adversa
1797 2783 1872 2872 lstri

258 2890 337 2960 cula
363 2885 504 2958 sortiter
529 2883 608 2956 lteic
635 2907 845 2983 regnarunt,
873 2891 908 2959 8c
936 2913 1014 2988 pro·
1103 2884 1251 2977 ,lutrinis
1286 2884 1358 2978 ripa
1392 2884 1614 2975 consederunt,
1650 2887 1736 2955 hand
1763 2885 1872 2982 procul

255 2988 386 3088 pagati
410 2985 494 3059 ltei'c'
515 2987 620 3085 long'e
639 2985 784 3086 lateque
796 2985 916 3062 sobole
930 2991 1015 3082 tua,
1106 2991 1128 3056 ἁ
1154 2983 1352 3082 capidibus.
1387 2983 1422 3056 si
1450 2983 1536 3055 fides
1566 2984 1767 3078 Procopio,
1795 2983 1873 3057 asia

257 3087 430 3190 ejusmodi
463 3091 572 3186 Leges
611 3085 828 3179 statuerunt,
861 3090 1015 3188 quibus,
1045 3103 1077 3174 C
1110 3087 1193 3157 haec
1220 3082 1336 3172 suere,
1364 3080 1522 3157 fervente
1547 3083 1585 3157 in
1608 3085 1712 3158 ltalia
1742 3083 1874 3159 Gothi·

257 3193 319 3266 vel
348 3187 419 3288 poll
447 3185 598 3263 sublatos
626 3213 746 3262 eorum
767 3194 910 3290 Reges,
947 3194 1010 3264 tta.
1110 3213 1153 3260 co
1180 3187 1300 3276 bello,
1337 3183 1396 3260 cui
1424 3185 1571 3258 initium
1600 3184 1686 3259 serit
1713 3186 1874 3276 Iustinia-

258 3292 309 3366 lia
342 3290 601 3386 utiperrenit,
635 3315 826 3388 eurumque
859 3317 1015 3386 nomen,
1109 3315 1174 3362 nus
1197 3294 1299 3361 Anno
1320 3288 1490 3359 DXXXV.
1518 3291 1657 3379 Immo,
1686 3287 1873 3361 secundum

257 3396 314 3468 vel
342 3393 454 3468 adhuc
480 3390 662 3492 Cisalpina
688 3391 809 3466 Gallia
824 3390 896 3467 'sub
917 3385 1014 3466 lom·
1111 3390 1185 3489 ejus
1219 3388 1354 3476 verba,
1390 3391 1496 3488 longe
1533 3386 1638 3492 serius
1665 3389 1702 3462 in
1739 3393 1877 3463 Panno·

258 3498 388 3569 tantiae
412 3491 652 3596 appellatione
676 3495 828 3568 retinet.
866 3499 921 3569 De
946 3495 1012 3570 ori·
1113 3492 1208 3564 niam
1245 3486 1381 3564 inueSli
1421 3487 1874 3594 videntur'Laugobatdi.

258 3599 341 3699 gine
361 3598 463 3694 buius
482 3613 597 3697 geotts
619 3595 737 3694 aliqua
757 3595 863 3670 attuli
884 3595 921 3669 itt
941 3601 1014 3672 An·
1114 3597 1220 3667 Certe
1259 3589 1452 3692 Procopius
1493 3589 1544 3664 sui
1581 3591 1752 3690 temporis
1787 3589 1878 3692 gesta

256 3699 488 3790 tiqultatibus
524 3697 714 3771 Ellenstbus
753 3701 845 3798 Cap.
879 3701 948 3783 X.,
984 3701 1017 3772 δι
1116 3694 1230 3768 literis
1267 3689 1516 3792 confignabat,
1551 3693 1585 3764 ὃ(
1621 3692 1683 3766 vix
1717 3691 1755 3766 in
1783 3689 1878 3766 hisee

257 3795 354 3872 inter
391 3797 601 3872 Germaniae
644 3800 797 3898 Populos
835 3797 1015 3873 recensui:
1071 3814 1074 3820 '
1115 3795 1299 3892 deceptum
1340 3791 1504 3892 suspicari
1541 3792 1653 3866 licet.
1698 3797 1752 3868 At
1792 3818 1880 3894 que·

259 3895 355 3996 quod
382 3919 425 3968 ne
450 3895 522 3996 ipse
549 3898 691 3994 quidem
720 3903 862 3975 Paullus
889 3901 1019 3974 Diaco·
1116 3897 1213 3969 niam
1241 3896 1278 3969 in
1307 3898 1419 3968 multa
1456 3893 1559 3968 nosle
1585 3896 1702 3996 jacent
1737 3899 1882 3996 Lango-

259 4024 327 4073 nus
363 4014 492 4096 negat,
528 3995 678 4072 scribens
713 4000 756 4074 de
786 4001 897 4074 Gestis
926 4003 1016 4078 Lan·
1053 4032 1085 4102 D
1118 3996 1326 4086 bardorum,
1353 3993 1577 4084 Gothorum,
1605 3996 1824 4094 aliarumque
1842 3993 1881 4070 id

261 4096 405 4202 gohard.
441 4095 525 4171 Lib.
553 4099 581 4168 1.
613 4101 702 4196 Cap.
731 4124 762 4174 a.
796 4106 1019 4198 Langobardo·
1119 4123 1226 4198 genus
1268 4097 1467 4172 Nationum
1508 4096 1690 4194 origines,
1731 4125 1771 4170 ac
1812 4095 1883 4198 pri·

261 4227 332 4274 ram
354 4224 458 4297 gens,
498 4220 579 4294 quae
598 4199 703 4292 postea
728 4201 763 4270 in
789 4204 889 4275 ltalia
915 4165 1043 4300 regina-l
1120 4197 1284 4287 mordia,
1310 4223 1423 4295 neque
1450 4197 1710 4296 scriptoribus,
1738 4201 1796 4272 vel
1823 4225 1883 4272 ve·

261 4303 343 4391 vit,
384 4305 418 4371 a.
440 4305 666 4372 Germanorum
705 4304 838 4396 Populis
877 4306 1028 4400 originem
1119 4298 1217 4374 tustis
1237 4297 1336 4372 satis
1372 4297 1478 4373 fidere
1507 4301 1707 4400 possumus,
1744 4299 1806 4399 qui
1833 4298 1884 4373 fa·

263 4405 398 4474 discens.
424 4406 509 4494 Quo
533 4415 653 4471 autem
674 4399 783 4472 Anno
809 4405 1027 4478 hanoniam
1121 4427 1215 4475 mam
1242 4398 1362 4500 potius
1388 4425 1494 4500 quam
1517 4419 1609 4475 certa
1636 4427 1750 4476 rerum
1778 4401 1884 4474 doru·-

262 4502 328 4575 stbi
348 4499 579 4599 subjecerint,
606 4501 774 4598 &quoto
797 4500 924 4576 deinde
940 4522 1026 4578 tent·
1120 4519 1252 4576 menta·
1273 4500 1339 4574 bac
1364 4501 1403 4574 in
1441 4527 1478 4575 re
1515 4501 1769 4600 sequebantur:
1805 4527 1885 4599 pro·

263 4628 350 4704 pore
374 4601 554 4699 regionem
580 4601 682 4674 illam
709 4600 912 4694 tenuerint,
939 4605 1030 4680 unde
1121 4602 1321 4705 grediamur
1350 4601 1492 4676 tandem
1527 4606 1569 4676 ad
1606 4601 1887 4702 inquirendum,

264 4703 380 4804 pollen
417 4701 558 4778 ltaliam
596 4701 802 4798 petierunt,
840 4728 912 4776 non
948 4704 1030 4780 satis
1121 4703 1300 4804 quousque
1316 4701 1348 4776 se
1368 4703 1591 4804 protenderet
1612 4705 1649 4778 in
1672 4703 1773 4777 ltalia
1791 4705 1889 4776 Lan·

262 4805 402 4902 liquet.
423 4800 623 4873 Auslorest
643 4801 734 4875 idem
752 4804 915 4893 Paullus,
937 4807 1028 4878 Lan·
1121 4805 1347 4906 gobardicunt
1379 4809 1567 4906 Regnum.
1601 4807 1686 4897 Quo
1713 4804 1750 4875 in
1778 4801 1889 4876 lladie

264 4903 438 5008 gobardos
475 4901 528 4976 ibi·
567 4905 788 4998 quadraginta
822 4927 920 4976 annos
955 4928 1028 4978 mo·
1062 4933 1091 5003 Ε
1120 4905 1181 4980 etii
1205 4931 1262 4979 me
1282 4906 1590 5006 praeoccupaverit
1610 4902 1793 5002 fingulatis
1812 4929 1889 4978 eru·

265 5002 547 5102 ramnaxilse3
590 5021 668 5075 tum
705 5013 808 5074 Aiane
842 5009 1031 5078 DLXVlll.
1121 5007 1215 5080 ditio
1250 5033 1290 5080 ac
1318 5006 1507 5101 diligentia
1544 5004 1739 5082 Clarisstmi
1766 5005 1889 5095 olim,

266 5103 309 5180 io
335 5105 477 5178 ltaliam
506 5103 691 5208 irrupisse.
720 5103 921 5206 sigebertus
947 5129 1030 5179 vero
1121 5125 1227 5204 atque
1264 5105 1466 5202 amicissimi
1502 5107 1586 5181 Viri
1622 5105 1785 5209 Gasparis
1823 5107 1889 5194 ue.

372 5213 459 5288 Torta.
487 5211 515 5279 I.
1179 5213 1209 5279 F
1747 5203 1836 5282 rette‘
