4628 6148
474 405 562 522 335'
766 391 1156 516 antrorum.
1213 394 1450 490 MEDII
1505 403 1679 502 ARV!
1887 417 1984 527 336

400 526 595 618 lobannis.
632 517 714 596 Alii
750 519 820 595 tibi
855 535 1041 592 occurrent
1075 515 1167 617 apud
1207 523 1242 596 Α
1278 521 1402 620 paniae
1429 524 1543 602 Urbes
1577 529 1616 604 in
1651 529 1758 606 litore
1793 526 1902 604 maris
1938 527 2041 604 soille

411 627 655 729 Peregrinium
682 624 721 698 in
749 621 880 698 Histor.
902 617 1057 735 Princip.
1088 626 1182 694 Lau·
1275 629 1522 726 complexum.
1558 633 1607 704 Er
1631 631 1692 707 diu
1717 633 1862 733 quidem
1888 631 2039 708 illorum

410 729 555 830 gohard.
589 725 657 801 Sed
693 721 913 826 potillimlrm
950 721 1098 796 urdein
1125 749 1179 798 ea·
1276 729 1415 802 Ducum
1453 732 1614 832 potentia
1652 736 1874 834 perduravit,
1909 733 1964 810 ita
1999 747 2041 810 ut

410 833 491 908 dem
534 835 626 904 Part.
664 831 710 900 11.
748 827 860 898 Tomi
895 828 923 898 Ι.
962 827 1042 898 Rer.
1080 828 1179 900 Itali·
1278 830 1336 902 uel
1363 836 1509 908 Saeculo
1544 833 1677 912 Christi
1705 839 1766 910 XI.
1791 841 1867 914 Leo
1902 836 2043 913 ostien.

411 962 480 1008 car.
508 958 586 1030 pag.
612 953 699 1026 431.
728 927 900 1026 Diploma
925 915 1048 1000 datum
1068 929 1179 1002 Anno
1274 927 1313 1004 fis
1341 931 1379 1008 in
1406 933 1592 1012 Chronico
1621 935 1796 1013 Casruenfi
1832 941 2040 1016 meminerit

412 1035 722 1110 DCCCCXLIV.
748 1031 769 1102 d
787 1030 940 1122 Jobanne
974 1030 1109 1122 Consule
1143 1035 1195 1214 &p

412 1143 501 1212 Duce
536 1134 715 1230 Neapolis,
753 1131 895 1232 ejusque
931 1127 1009 1204 filio
1044 1135 1181 1204 Marino

413 1245 502 1314 Dure
527 1228 648 1313 Leoni
683 1233 820 1308 Abbati
851 1232 1097 1308 vulturnenfi.
1134 1239 1179 1310 E·
1270 1263 1376 1336 quam
1404 1242 1514 1318 debeo
1540 1243 1751 1346 diligentiae
1777 1273 1817 1319 ac
1845 1244 1958 1322 amori
1982 1251 2040 1338 10.

412 1339 566 1416 nimiam
582 1337 682 1414 fuille
697 1334 868 1434 ejusmodi
884 1339 1009 1409 Ducum
1027 1335 1178 1412 auliori·
1272 1343 1367 1439 lephi
1395 1344 1565 1421 Mulchae
1592 1347 1791 1422 Sacerdotis
1828 1350 2039 1448 Neapolita.

414 1459 527 1518 tatem
543 1469 587 1516 ex
604 1440 672 1514 hoc
688 1455 920 1512 monumento
936 1455 1056 1538 paret;
1075 1457 1180 1537 atque
1211 1439 1239 1510 B
1270 1441 1332 1536 ni,
1359 1475 1402 1522 ex
1431 1447 1594 1524 Archino
1620 1448 1829 1524 Monasterii
1866 1449 2041 1549 antiquis·

416 1543 560 1620 aliunde
586 1539 740 1631 constat,
769 1543 948 1614 Ducatum
975 1541 1081 1614 illum
1108 1567 1178 1616 non
1233 1605 1237 1613 .
1271 1540 1350 1622 fimi
1376 1549 1585 1628 Sanaorum
1611 1550 1773 1628 &verini
1799 1553 1835 1626 δι
1859 1551 1962 1634 Soffii
1980 1552 2041 1629 de.

414 1645 527 1722 lolam
555 1643 778 1745 Neapolim,
813 1639 871 1717 sed
896 1645 931 1716 δι
958 1643 1046 1718 alias
1073 1645 1178 1718 Cam·
1273 1669 1476 1745 promtam.
1565 1709 1569 1716 ι
2019 1643 2035 1658 ”

1269 1037 1378 1132 Sergii
1412 1039 1560 1134 Consulis
1593 1041 1638 1111 Θ·
1673 1041 1773 1115 Ducis
1807 1044 2041 1138 Neapolitani.

1271 1135 1330 1208 Ad
1375 1138 1468 1216 bunc
1514 1141 1630 1243 ipsum
1666 1141 1822 1243 pertinet
1867 1143 2037 1238 Charta,

485 1879 686 1992 Donatio,
716 1885 795 1970 lure
825 1885 1075 1978 confirmatio
1104 1885 1300 1978 facultatis
1331 1885 1498 2006 pilcaudi
1527 1887 1570 1976 in
1602 1896 1710 1978 Lacu
1741 1886 1950 2005 Patricole,

586 2001 689 2092 taeta
719 2004 869 2092 Roccio
903 2009 1051 2094 Abbati
1083 2009 1315 2096 Mooasterii
1348 2003 1600 2122 Neapolitani
1631 2009 1865 2098 Saullorum

658 2119 837 2210 Severini
866 2123 904 2206 br
937 2125 1047 2211 Soffii
1077 2127 1100 2213 b
1131 2127 1268 2242 Sergio
1298 2133 1372 2216 IV.
1404 2126 1644 2216 Consule&
1674 2131 1788 2217 Duce

926 2244 1215 2362 Neapolitano,
1244 2252 1368 2335 Auno
1384 2369 1385 2374 Ν
1403 2275 1480 2336 101
1494 2278 1528 2334 r.

417 2481 505 2667 IN
528 2478 652 2552 nomine
677 2479 742 2554 Dei
774 2479 958 2556 Salvatorit
990 2481 1086 2571 nrslri
1101 2485 1184 2578 Jesu
1214 2489 1246 2562 C
1274 2486 1341 2557 leas
1365 2483 1478 2555 exinde
1504 2491 1663 2579 extrabre,
1689 2509 1830 2584 quantas
1853 2483 1899 2560 ad
1923 2480 1968 2557 eis
1986 2493 2041 2556 nei

501 2582 620 2674 Chrt'sli
633 2636 642 2656 .
679 2587 855 2679 Imperantt
891 2585 1050 2660 Domino
1086 2587 1185 2674 noslto
1274 2583 1380 2680 cessum
1401 2587 1526 2676 srterit.
1554 2591 1603 2659 Et
1638 2613 1810 2686 numquam
1832 2587 2029 2685 presumimus

419 2684 552 2762 Bafilio
603 2712 718 2782 magno
771 2689 1020 2782 Imperatore,
1073 2693 1183 2763 Anno
1276 2714 1356 2778 nos,
1381 2710 1440 2760 aut
1460 2687 1591 2785 peslerus
1616 2689 1749 2781 nostris,
1775 2717 1829 2760 nec
1855 2688 1967 2778 nolitis
1991 2711 2037 2757 or·

420 2779 630 2862 xxxvnl.
651 2787 720 2878 sed.
740 2785 965 2863 Constantini
986 2792 1098 2887 magni
1116 2795 1182 2864 im·
1273 2789 1420 2879 dinatio,
1455 2794 1537 2886 quod
1572 2790 1606 2860 in
1633 2792 1737 2864 eodem
1764 2798 1853 2864 Lucu
1878 2785 2042 2876 Patriensl

420 2885 592 2990 peratoris
613 2890 716 2978 statne
741 2887 831 2984 ejus,
857 2899 960 2963 Auno
978 2897 1114 2965 XXXV.
1134 2893 1186 2965 die
1270 2890 1534 2990 posuerimus&
1568 2893 1845 2983 ordinaverimus,
1882 2919 1936 2966 nec
1970 2891 2042 2966 elin

419 2995 525 3066 XVll.
543 2989 726 3082 Ianuarii,
752 2991 930 3064 lndiflione
955 2997 1001 3065 ll.
1028 2996 1183 3091 Neapoli.
1272 2992 1407 3089 quaevis
1427 2993 1559 3092 perstrna
1583 2997 1696 3089 vrbis,
1720 2995 1892 3094 posterique
1918 2993 2040 3088 veslti,

419 3101 487 3168 Nos
513 3092 654 3193 Sergius
681 3093 714 3165 in
742 3093 810 3176 Dei,
826 3095 950 3166 nomine
969 3095 1183 3170 Eminentis·
1255 3101 1326 3166 ‘net
1351 3095 1486 3192 ipsorum
1512 3097 1691 3171 hominibus
1715 3097 1829 3185 vestris
1864 3098 1977 3169 exinde
2003 3125 2043 3170 a·
2075 3129 2081 3142 ·

418 3195 505 3271 sume
531 3192 666 3270 Consul
702 3195 736 3266 &
774 3197 887 3286 Dux,
924 3197 1115 3288 conreffimus
1141 3199 1185 3268 (θ’
1272 3197 1384 3293 liquod
1408 3200 1537 3287 tollere,
1564 3219 1792 3295 torquerent,
1821 3225 1875 3268 nee
1900 3199 2046 3271 contrai-

415 3296 587 3389 firmamus
610 3296 703 3366 vobis
738 3297 883 3366 Domno
920 3295 1054 3369 Roscio
1090 3327 1181 3370 uene·
1272 3321 1304 3367 re
1327 3299 1496 3392 perennis,
1513 3323 1551 3367 ac
1565 3302 1726 3392 perpetuis
1750 3299 1963 3391 temporibus:
1990 3303 2042 3368 Et

419 3397 521 3470 rabili
555 3396 694 3470 Abbati
733 3394 940 3470 Mooasterii
976 3397 1182 3474 Studiorum
1212 3411 1245 3480 D
1272 3421 1369 3494 neque
1402 3400 1425 3468 ὸ
1459 3397 1548 3466 nabis
1575 3396 1787 3492 suprascripto
1824 3395 1935 3492 Sergio
1972 3395 2041 3466 Dei

421 3497 582 3576 Severini
609 3500 644 3572 δι
671 3495 797 3588 soffri,
834 3498 890 3570 ubi
925 3526 1026 3570 eorum
1051 3527 1179 3575 venera·
1268 3497 1381 3595 gratid
1407 3495 1526 3588 Consul
1551 3497 1595 3568 δ’
1620 3503 1719 3588 Dux,
1746 3520 1842 3594 neque
1865 3500 1887 3568 d
1908 3495 2039 3592 posletis
2117 3526 2120 3532 ·

421 3603 504 3678 bilia
529 3602 721 3698 requiescunt
746 3622 890 3698 corpora,
918 3603 963 3671 Φ
984 3623 1041 3698 per
1065 3629 1124 3674 uos
1149 3607 1183 3676 in

416 3703 627 3800 suprascripto
646 3701 758 3794 sanflo
793 3703 837 3773 (Ψ
870 3703 1052 3775 venerabili
1085 3703 1185 3791 veslro

421 3803 642 3897 Monaslerio,
668 3826 705 3876 ut
729 3804 891 3878 licentiam
926 3808 970 3876 θ
1005 3805 1185 3902 poteslatem

421 3906 566 3980 habeatis
588 3933 646 3978 vos
669 3907 713 3977 Θ
732 3907 846 4004 posieti
869 3907 967 3996 veslri
977 3908 1186 4006 suprasiripti

420 4009 615 4081 venerabilis
641 4011 685 4079 (9⁶
704 4009 812 4104 sanbll
838 4007 1047 4100 Monaslerii‚
1072 4031 1185 4108 ponere

420 4111 466 4181 &⁶
492 4115 603 4185 babere
636 4139 703 4184 una
734 4131 891 4212 paratura
923 4115 969 4186 ad
998 4111 1184 4211 piscandum

420 4241 490 4286 cum
528 4219 608 4290 duas
647 4218 775 4290 lundras
811 4216 846 4288 in
880 4217 1046 4288 medietate
1081 4217 1184 4306 nasim

1274 3597 1408 3689 nostris,
1436 3599 1491 3694 qui
1513 3599 1582 3695 pasl
1608 3624 1663 3670 nos
1698 3600 1731 3670 in
1769 3599 1867 3686 naslro
1903 3599 2039 3689 bonore,

1273 3702 1394 3798 lotoque
1419 3704 1523 3772 Duces
1547 3697 1744 3796 accesserint,
1764 3701 1852 3771 nullo
1878 3721 2042 3794 tempore,

1274 3827 1443 3900 numquam
1468 3827 1527 3872 vos
1546 3801 1759 3900 suprascripto
1782 3809 1907 3874 Domno
1927 3801 2042 3872 Roscio

1273 3903 1453 3977 venerabili
1477 3905 1630 3996 Abbati,
1666 3925 1724 3976 aut
1747 3904 1876 4000 posleris
1904 3903 2042 3995 veslms,

1260 4033 1326 4107 ‘nee
1337 4003 1571 4104 suprascriptus
1589 4005 1728 4080 sanlius
1748 4007 1946 4079 Venerabilis
1964 4011 2044 4076 Mo·

1274 4107 1449 4197 austerius,
1475 4109 1559 4203 quod
1583 4108 1687 4199 abstt,
1722 4109 1839 4180 babeat
1863 4108 1977 4178 exinde
2003 4135 2042 4181 a·

1273 4210 1395 4306 liquam
1421 4233 1611 4306 quacumque
1636 4209 1868 4306 requisttionem
1891 4228 1949 4281 aut
1976 4235 2041 4281 mo·

416 4336 513 4416 parte
546 4318 684 4389 militiae
718 4322 758 4390 de
792 4325 880 4392 Lucu
914 4318 1103 4408 Patrienfi,
1140 4319 1238 4403 &E
1273 4311 1393 4398 lefliam
1414 4332 1473 4408 per
1499 4313 1623 4383 nullum
1641 4317 1792 4404 modum,
1812 4339 1865 4383 uec
1881 4333 1939 4408 ptr
1952 4311 2050 4404 sume

418 4418 507 4492 omni
532 4421 740 4518 quodcumque
775 4421 886 4492 exinde
915 4421 1027 4496 habere
1053 4422 1097 4490 θ’
1121 4419 1177 4488 tol·

418 4525 483 4594 lere
502 4521 694 4630 potueritis,
715 4524 749 4593 in
774 4521 900 4613 odire,
923 4521 1109 4620 posterisque
1125 4549 1178 4591 ve·

411 4625 514 4717 stris,
534 4625 583 4712 sit
603 4624 755 4723 poteslate
781 4624 938 4723 quidquid
962 4624 1076 4695 exinde
1096 4623 1177 4714 saec·

415 4753 450 4800 re
483 4729 674 4817 volueritis,
710 4727 805 4799 etiam
841 4727 1003 4798 licentiam
1029 4727 1074 4794 θ’
1094 4745 1179 4822 pote·

411 4829 526 4916 siatem
552 4831 690 4904 babeant
723 4829 837 4916 veslris
871 4829 1070 4917 hominibus,
1106 4849 1181 4923 quos

415 4929 537 5001 ibidem
567 4929 750 5002 direxeritis
774 4933 818 4997 ad
840 4930 1025 5022 piscandum
1052 4933 1086 4999 in
1114 4926 1182 5022 ipsa

1273 4409 1394 4506 missam
1417 4413 1579 4507 petsttnam
1604 4418 1627 4484 d
1653 4439 1764 4506 nune,
1801 4417 1847 4482 Θ
1873 4415 1909 4483 in
1929 4435 2043 4510 perpe.

1274 4515 1339 4586 tuis
1363 4515 1570 4612 temporibus.
1606 4522 1715 4614 ,Quam
1740 4515 1973 4610 conceffionem‚
1992 4515 2043 4600 fi·

1275 4635 1326 4687 cut
1344 4614 1491 4712 superius
1516 4617 1636 4714 legitur
1660 4621 1683 4689 d
1709 4619 1798 4691 nobis
1826 4619 1941 4709 salla,
1979 4623 2042 4689 Pe-

1273 4738 1321 4788 tto
1345 4719 1505 4792 Primario
1523 4719 1659 4811 seribere
1681 4722 1893 4818 precepimus,
1917 4722 1951 4791 in
1979 4744 2043 4817 que

1272 4821 1316 4888 eb
1343 4846 1397 4891 nos
1416 4819 1548 4917 subpter
1567 4841 1628 4918 pro
1652 4825 1802 4922 ampliori
1834 4823 1904 4914 ejus
1929 4821 2043 4912 firmi·

1271 4941 1339 4995 tate
1374 4947 1489 4994 manus
1516 4924 1664 5021 proprias
1690 4922 1952 5020 subscripsimus,
1989 4924 2043 4994 die

415 5033 585 5102 medietate
610 5028 714 5113 noslra
737 5027 885 5121 partibus
909 5029 1049 5098 militiae
1075 5029 1176 5098 redalt'·
1268 5025 1312 5094 (9‘
1337 5022 1517 5096 ludillione
1544 5025 1781 5122 suprascripta.
1819 5029 1869 5096 Et
1903 5025 1956 5098 hoc
1991 5027 2046 5096 reti

416 5153 488 5209 tmn
509 5129 610 5219 sacete
635 5131 681 5202 Θ,
705 5128 836 5216 babere,
863 5127 909 5196 θ
933 5129 1027 5224 ligna
1053 5129 1098 5200 Ψ
1117 5149 1179 5226 pa«
1270 5127 1425 5199 tardando
1443 5123 1636 5217 firmamus,
1675 5146 1713 5198 ut
1738 5129 1793 5198 bec
1826 5128 1958 5220 omnia,
1996 5127 2042 5198 θ’

1952 5254 1990 5300 θλ·
