4628 6148
342 439 423 530 ¹97
625 405 1139 497 orsaorrnrro
1208 407 1557 528 contra,
1759 427 1842 530 aaa

279 543 382 620 tum,
405 527 429 600 fi
456 543 575 601 tamen
602 523 670 600 hoe
697 551 823 600 munus
850 550 920 599 non
947 525 1040 600 idem
1076 533 1109 600 A
1137 553 1288 600 mannum
1316 535 1500 606 Venaronm
1524 533 1681 624 nojirum.
1717 535 1902 610 Praeterea

279 625 351 708 suit
380 656 461 704 eum
495 635 618 702 Comire
640 629 773 702 stabuli
782 681 790 700 .
826 627 930 700 Olim
958 635 1041 701 verb
1132 629 1170 702 in
1200 630 1483 707 Alamannorum
1518 640 1614 738 Lege
1644 635 1727 712 Tit.
1752 659 1817 736 79.
1842 640 1903 708 Sc·

278 733 438 824 Praesens·
450 731 649 831 cquiserant
662 728 895 820 Marescalchi‚
909 727 1040 803 humili
1133 728 1284 820 niscalchi
1309 756 1437 806 munus
1463 755 1700 830 memoratur,
1728 739 1839 814 uti&
1860 735 1901 812 in

220 877 227 890 ·
279 859 445 926 munere,
487 835 523 910 ui
543 831 586 906 ad
607 830 779 904 militiam
798 828 927 903 deinde
946 848 1034 904 tran·
1073 873 1085 893 ι
1134 835 1347 906 Francorum
1374 851 1534 910 veterum
1562 839 1827 929 monumentis,
1854 836 1900 912 ad

277 935 389 1027 alati,
416 863 608 1012 noiirorum
637 953 838 1024 temporum
863 932 1035 1024 Marcscd·
1132 958 1237 1029 quem
1264 959 1345 1008 cura
1371 933 1498 1012 domus
1521 935 1579 1012 seu
1604 936 1764 1016 familiae
1781 941 1899 1016 domi·

277 1040 322 1111 iis
347 1065 477 1114 nomen
503 1035 647 1110 dedere.
673 1037 804 1107 Eorum
833 1033 971 1107 mentio
994 1030 1040 1106 eli
1133 1035 1233 1107 nicae
1259 1032 1423 1134 spesiall'e
1457 1037 1636 1131 ereditur,
1670 1039 1732 1115 sub
1767 1029 1898 1130 Maiore

276 1139 317 1217 in
345 1139 454 1216 Pasio
489 1138 599 1238 Legis
637 1135 773 1210 Saliene
797 1138 887 1234 Cap.
914 1137 978 1207 111.
1003 1135 1038 1206 δι
1130 1143 1264 1226 domus,
1291 1135 1387 1234 quasr
1412 1137 1444 1212 is
1470 1137 1602 1234 fuerit,
1620 1139 1683 1240 qui
1704 1167 1797 1216 nunc
1817 1146 1898 1213 Ma·

276 1241 317 1317 in
343 1239 581 1316 Alamanniea
607 1237 688 1312 Tit.
714 1259 776 1334 79.
802 1231 916 1308 Fuisse
939 1259 1034 1332 quo·
1124 1234 1191 1323 siro
1213 1239 1254 1308 di
1278 1239 1366 1332 Casa
1389 1241 1612 1338 appellatur.
1639 1247 1681 1315 ln
1709 1243 1898 1342 Diploma·

276 1371 346 1444 que
387 1339 617 1440 Principibus
653 1337 754 1412 suum
793 1336 1040 1427 liscrchbalnrm
1132 1355 1166 1412 te
1193 1339 1295 1415 Anni
1323 1343 1896 1420 Dcccxv11.‘rom.1.verer.

278 1444 448 1520 discimus
481 1469 524 1517 ex
549 1441 765 1540 ·Diplnmate
797 1436 1038 1536 expeditionis
1078 1445 1108 1518 B
1131 1439 1300 1540 Scriptor.
1324 1445 1489 1518 Mostene
1514 1445 1552 1518 δι
1579 1443 1748 1536 Durand,
1774 1431 1898 1522 Ludo-

277 1553 459 1624 Romanae
483 1535 608 1619 Caroli
634 1537 748 1618 Craffi
772 1537 922 1640 Augusti
945 1539 1035 1640 apud
1132 1539 1233 1615 vicus
1259 1542 1344 1617 l’ius
1362 1544 1540 1645 Augustus
1564 1563 1821 1622 commemorat
1838 1553 1897 1621 A·

274 1647 479 1726 Goldaslum
506 1649 614 1721 Tom.
643 1649 671 1718 1.
697 1639 891 1717 Constitut.
922 1643 1032 1734 lmpe·
1126 1642 1308 1715 dalbertum
1330 1645 1539 1740 siniscalcum
1572 1646 1729 1735 nojlmrn.
1764 1652 1806 1724 In
1841 1651 1895 1722 al·

275 1752 356 1829 rial.
382 1775 460 1852 pag.
489 1771 574 1845 207.
601 1746 663 1822 ubi
689 1747 775 1819 haee
799 1745 931 1818 uerba:
959 1742 1035 1816 Sin·
1130 1764 1207 1818 tero
1233 1745 1443 1845 Diplomate
1469 1747 1616 1848 Pippini
1641 1749 1717 1847 ejus
1742 1748 1813 1828 lilii
1838 1751 1895 1828 A·

271 1857 349 1957 guli
371 1861 448 1926 verb
471 1849 638 1948 Principes
662 1849 741 1942 snos
771 1847 889 1921 bahem
922 1841 1035 1934 officio·
1059 1937 1060 1940 Ἴ
1129 1845 1313 1941 quiraniae
1338 1848 1448 1948 Regis
1471 1848 1631 1926 occurrit
1654 1852 1814 1926 Erialdus
1833 1879 1894 1950 gc·

276 1957 383 2030 narios
389 1954 563 2053 speciales,
578 1950 811 2044 Marscalcum,
826 1945 1035 2044 Dapiserum,
1128 1945 1243 2017 nitoris
1264 1948 1362 2036 nostri
1384 1949 1604 2043 siniscalcum
1640 1955 1768 2053 Neque
1801 1981 1893 2029 unus

273 2059 486 2146 Pinccrnam,
501 2055 547 2126 Ψ
564 2052 808 2126 Kamrrarium.
822 2048 957 2119 Verium
973 2057 1032 2118 un·
1125 2047 1341 2141 Seniscalcbuc
1367 2049 1523 2150 Regibus
1548 2052 1594 2127 iis
1621 2051 1717 2144 suit,
1737 2054 1794 2130 sed
1813 2058 1893 2153 plu·

273 2159 318 2234 de
352 2157 505 2232 hauserit
539 2150 725 2228 Goldalius
762 2146 934 2249 ejusmodi
970 2145 1035 2220 Di·
1128 2173 1208 2240 res,
1242 2174 1352 2248 quum
1379 2151 1471 2250 apud
1498 2152 1715 2228 Mareulsum
1751 2157 1835 2231 Lib.
1862 2159 1894 2230 1.

273 2263 416 2362 ploma,
442 2255 617 2332 incertum
645 2251 714 2344 eli,
733 2270 837 2350 atque
857 2249 896 2324 in
915 2275 959 2324 eo
976 2274 1033 2324 oc·
1127 2252 1217 2350 Cap.
1243 2273 1303 2345 ις.
1331 2257 1409 2328 Rex
1434 2257 1474 2328 in
1499 2251 1638 2355 judicio
1658 2252 1778 2330 sedisse
1797 2255 1895 2332 dica·

274 2376 419 2437 currunt
459 2363 578 2434 Notae
612 2351 899 2471 Chronologipae
933 2369 1037 2424 tanto
1066 2355 1099 2430 C
1126 2369 1185 2426 tor
1209 2378 1290 2428 eum
1317 2354 1577 2450 Rcsrrmdarr'is,
1600 2355 1807 2449 Domcstieis,
1832 2363 1891 2430 Se·

272 2463 369 2538 vitio
395 2461 623 2550 laborantes,
656 2475 700 2531 ut
723 2451 956 2554 suspicionem
983 2453 1035 2552 ju·
1124 2453 1293 2546 niscalcis,
1327 2457 1570 2550 Cubiculariis,
1596 2458 1667 2533 cic.
1692 2452 1891 2552 Attamen,
2025 2517 2029 2524 .

273 2563 355 2640 llam
392 2561 468 2637 falfi
503 2561 701 2662 ingerant:
738 2555 838 2658 eujus
871 2552 1034 2629 criminis
1124 2555 1179 2630 uti
1218 2555 1329 2634 etiam
1371 2556 1627 2634 animadvertit
1662 2560 1889 2660 Bignonius,

273 2667 317 2764 ab
343 2664 426 2740 aliis
453 2683 596 2763 quoque
631 2657 792 2762 arguitur
825 2655 1032 2731 Goldallus.
1121 2657 1311 2752 seniscalcis
1351 2685 1479 2736 munus
1518 2659 1671 2736 minime
1708 2659 1888 2738 diversum

272 2771 407 2842 Datum
434 2761 568 2865 quippe
592 2761 725 2838 dicitur
754 2763 845 2834 Visi.
871 2759 951 2832 Idus
964 2763 1030 2851 Ja-
1124 2756 1194 2833 fuit
1229 2761 1274 2834 ab
1307 2763 1566 2855 corbianum,
1600 2760 1671 2839 srve
1704 2763 1898 2861 Dapisrro,¹

273 2870 323 2940 nii
338 2921 349 2957 ,
383 2873 487 2940 nana
511 2867 553 2938 ab
577 2863 798 2937 incarnatione
823 2859 957 2933 Domini
981 2881 1046 2930 nn·
1123 2877 1184 2933 aut
1208 2861 1229 2932 ³
1254 2864 1404 2960 Principe
1428 2861 1629 2960 coquorum,
1664 2863 1707 2938 de
1732 2890 1805 2962 quo
1831 2866 1889 2940 in.

265 2969 331 3058 stri
347 2964 432 3058 Jesu
456 2963 577 3050 Chrislr'
605 2965 797 3057 DCCCXC.
831 2959 943 3056 Regni
976 2983 1033 3029 au·
1123 2957 1200 3048 ira.
1235 2964 1330 3035 Nom
1357 2962 1397 3035 in
1432 2962 1635 3038 Annalibus
1661 2967 1887 3040 Francorum

274 3091 336 3141 rem
361 3065 431 3161 ejas
456 3067 565 3138 XXII.
589 3082 667 3134 onte
689 3060 960 3153 consecrationem,
985 3063 1034 3133 Et
1123 3065 1232 3136 Tom.
1253 3085 1286 3134 a.
1313 3087 1391 3162 pag.
1413 3063 1472 3138 16.
1498 3059 1611 3136 Tomi
1639 3066 1685 3136 11.
1714 3064 1885 3142 Docle-

274 3167 392 3243 verbis
418 3163 560 3266 quidem
588 3161 728 3238 disertis
752 3161 806 3236 ibi
841 3159 1033 3261 seriptum,
1124 3160 1191 3236 snii
1218 3161 1261 3236 ad
1288 3167 1436 3238 Annum
1473 3165 1800 3242 Dchxxxvu.
1834 3170 1886 3246 le-

273 3270 444 3346 Carolurn
472 3289 591 3366 parare
616 3261 652 3338 se
676 3263 721 3338 ad
746 3263 817 3338 iter
842 3264 1031 3356 italicum,
1064 3275 1099 3346 Ι)
1122 3264 1245 3362 gitur:
1282 3263 1384 3349 Masta
1406 3265 1574 3338 caercirum
1590 3266 1688 3360 suum
1704 3275 1787 3342 ⁴Ren
1806 3290 1887 3366 pur·
1982 3319 1986 3326 -

272 3379 379 3470 atquc
392 3367 433 3443 ad
446 3373 642 3442 Romanam
653 3367 833 3440 Coronam
845 3361 1029 3462 suscipien-
1122 3369 1208 3440 ribus
1232 3367 1429 3442 Britanniae
1452 3393 1518 3440 una
1535 3393 1604 3440 eum
1621 3365 1721 3464 Miffc
1729 3369 1790 3464 suc
1807 3374 1889 3444 Aua*

271 3473 375 3548 dam.
395 3469 511 3571 Atqui
531 3472 643 3543 Anno
660 3465 791 3542 Christi
816 3467 1030 3541 DCCCllC.
1122 3467 1212 3557 dusfi
1244 3467 1446 3561 sinescalco.
1487 3468 1606 3568 Atqui
1641 3469 1726 3547 haec
1761 3470 1885 3548 eadem

270 3580 412 3649 tantum
447 3567 560 3662 abeli,
595 3588 637 3645 ut
660 3571 813 3645 Carolus
836 3565 977 3642 Craffus
1002 3567 1032 3642 i·
1125 3566 1321 3643 describens
1364 3567 1586 3670 Eginhardus
1628 3568 1668 3644 in
1710 3572 1884 3649 Annalib.

271 3673 478 3777 nungendus
504 3671 587 3748 effer
614 3674 832 3771 Imperator,
855 3687 896 3744 nt
913 3693 960 3743 ne
976 3668 1028 3742 in·
1126 3675 1341 3746 Francorum
1357 3669 1399 3744 ad
1415 3675 1561 3748 Annum
1578 3672 1887 3748 Dchxxxvr.

270 3795 327 3950 ii
346 3769 1029 3969 lllltllls‘l'alll‘lllll'nll
1125 3771 1735 3971 ilrlllegls‘llbliitllllii
1750 3771 1888 3950 „llll

271 4003 333 4052 mo
360 3975 433 4051 fato
459 3973 619 4049 sunbius.
647 3971 706 4048 Ad
731 3971 817 4046 haee
842 3971 875 4046 is
900 3972 1032 4048 dieitur
1094 4059 1098 4068 .
1122 3973 1203 4063 sus,
1229 3972 1378 4069 ,perfidae
1407 3976 1517 4072 gentis
1549 3977 1775 4050 contumaciam
1803 3979 1887 4052 mins

270 4080 345 4153 Rea
370 4074 586 4166 Francorum,
609 4073 653 4145 θ
674 4081 919 4163 Romanorum
943 4098 1032 4173 quae
1125 4075 1283 4148 aeternare
1307 4075 1498 4172 compreffic.
1534 4075 1632 4150 idom
1668 4075 1817 4154 habetur
1851 4105 1888 4156 a·

269 4179 423 4256 sormula
449 4177 599 4252 omnino
624 4175 667 4250 ab
688 4201 810 4252 eorum
831 4194 903 4250 tem
932 4201 1030 4266 ⁴rum
1065 4194 1095 4265 Ε
1129 4174 1198 4275 pud
1233 4175 1454 4250 Annalistam
1491 4179 1665 4252 Saxonem
1692 4179 1736 4254 ab
1761 4183 1890 4257 Ecear·

270 4279 429 4357 moribus
456 4279 641 4363 abhorret,
669 4303 709 4352 ae
735 4279 838 4377 plane
864 4201 1030 4352 riiconda.
1126 4276 1172 4352 do
1200 4273 1365 4369 editum,
1401 4293 1506 4376 atque
1540 4279 1579 4354 in
1615 4279 1698 4354 aliis
1732 4280 1890 4360 Chroni-

269 4387 391 4475 Quare
430 4379 599 4455 Freherus
623 4380 660 4453 be
688 4377 921 4479 Der-Cangius
951 4403 1029 4452 ean·

269 4483 344 4555 tius
369 4481 536 4578 egissent,
563 4481 587 4556 sa
614 4480 732 4555 minua
750 4475 836 4554 fidei
854 4477 1030 4579 adjunxis-

269 4581 347 4658 sent
372 4581 595 4656 Goldallinae
620 4581 678 4658 illi
704 4579 836 4673 merci,
859 4583 894 4654 de
922 4577 1028 4679 potis·

236 4727 238 4732 ·
269 4681 395 4759 sumum
418 4681 515 4782 quod
551 4685 632 4756 aliis
667 4680 840 4784 ejusmodi
876 4680 1029 4758 foetibus

269 4811 341 4860 non
370 4802 484 4859 eareat
510 4783 692 4858 Colleiiio
718 4781 901 4858 Goldalli.
937 4781 1030 4858 Infra

269 4885 309 4962 in
337 4886 516 4962 Dillertat.
546 4887 663 4958 xvu.
688 4890 730 4957 dr
749 4885 841 4975 fisco
859 4882 1042 4985 Diploma.

270 4985 502 5062 Carlomanni
546 4983 654 5087 Regis
698 4983 885 5060 exhibebit
927 4983 1031 5061 nobis

271 5087 461 5190 flginuffum
485 5086 678 5187 Dapiscrum
703 5087 860 5185 nclitum,
879 5087 925 5162 Θ
947 5087 1036 5164 asla-

1127 4377 1197 4454 eis.
1225 4376 1284 4452 Ad
1311 4378 1397 4454 haec
1424 4379 1562 4480 Regino
1583 4379 1793 4458 Prumienfis
1812 4385 1889 4458 Ab·

1127 4480 1188 4554 bas
1214 4477 1256 4554 ael
1282 4501 1413 4557 annum
1439 4480 1602 4557 cumdem
1633 4482 1769 4573 tradit,
1806 4479 1890 4556 mis·

1130 4578 1203 4654 sum
1220 4582 1251 4656 ·l
1277 4584 1412 4659 Carolo
1446 4584 1583 4683 Magno
1617 4582 1812 4660 exercitum
1849 4581 1889 4656 in

1130 4682 1294 4760 Britones
1319 4711 1387 4759 una
1423 4712 1492 4758 cum
1527 4680 1626 4778 Milli
1653 4684 1712 4778 suo
1744 4682 1890 4779 odulpho

1129 4784 1278 4882 Principe
1302 4792 1480 4860 Casurum:
1507 4785 1625 4861 Scribe
1656 4783 1804 4880 Principe
1825 4791 1892 4868 Coa

1130 4912 1284 4982 quorum.
1310 4891 1405 4986 Ergo
1432 4885 1559 4978 habes,
1585 4911 1657 4984 quo
1682 4909 1828 4959 munere
1849 4913 1891 4960 o·
1939 4907 1941 4914 '

1128 4987 1195 5060 lim
1220 4987 1412 5082 Seniscaschi
1436 4988 1686 5088 iungerentur.
1722 4985 1890 5086 Idemque

1132 5085 1364 5166 confirmatur
1395 5115 1441 5168 cx
1476 5085 1602 5164 ltaliea
1636 5111 1725 5164 voce
1758 5090 1907 5182 Scalae,-

1194 5191 1233 5272 N
1286 5213 1309 5267 2
1734 5185 1841 5292 ligni·
1898 5237 1900 5242 ·
