<?xml version="1.0" encoding="UTF-8"?>
<!DOCTYPE html PUBLIC "-//W3C//DTD XHTML 1.0 Transitional//EN"
    "http://www.w3.org/TR/xhtml1/DTD/xhtml1-transitional.dtd">
<html xmlns="http://www.w3.org/1999/xhtml" xml:lang="en" lang="en">
 <head>
  <title>
</title>
<meta http-equiv="Content-Type" content="text/html;charset=utf-8" />
  <meta name='ocr-system' content='tesseract 3.04.00' />
  <meta name='ocr-capabilities' content='ocr_page ocr_carea ocr_par ocr_line ocrx_word'/>
</head>
<body>
  <div class='ocr_page' id='page_1' title='image "./antiquitatesita02muragoog/antiquitatesita02muragoog_0107.png"; bbox 0 0 4622 6140; ppageno 0'>
   <div class='ocr_carea' id='block_1_1' title="bbox 497 397 1710 532">
    <p class='ocr_par' dir='ltr' id='par_1_1' title="bbox 497 397 1710 532">
     <span class='ocr_line' id='line_1_1' title="bbox 497 397 1710 532; baseline -0.013 -24"><span class='ocrx_word' id='word_1_1' title='bbox 497 427 585 532; x_wconf 77' lang='lat'><em>&#39;167</em></span> <span class='ocrx_word' id='word_1_2' title='bbox 796 403 1190 528; x_wconf 58' lang='lat' dir='ltr'><em>curruum</em></span> <span class='ocrx_word' id='word_1_3' title='bbox 1249 397 1481 492; x_wconf 77' lang='lat' dir='ltr'><em>nrum</em></span> <span class='ocrx_word' id='word_1_4' title='bbox 1533 399 1710 493; x_wconf 82' lang='lat' dir='ltr'><em>Arur</em></span> 
     </span>
    </p>
   </div>
   <div class='ocr_carea' id='block_1_2' title="bbox 1909 409 1995 498">
    <p class='ocr_par' dir='ltr' id='par_1_2' title="bbox 1909 409 1995 498">
     <span class='ocr_line' id='line_1_2' title="bbox 1909 409 1995 498; baseline 0.012 -1"><span class='ocrx_word' id='word_1_5' title='bbox 1909 409 1995 498; x_wconf 77' lang='lat'><em>&#39;168</em></span> 
     </span>
    </p>
   </div>
   <div class='ocr_carea' id='block_1_3' title="bbox 438 517 2054 639">
    <p class='ocr_par' dir='ltr' id='par_1_3' title="bbox 438 517 2054 639">
     <span class='ocr_line' id='line_1_3' title="bbox 438 517 2054 639; baseline -0.01 -28"><span class='ocrx_word' id='word_1_6' title='bbox 438 535 502 639; x_wconf 82' lang='lat' dir='ltr'><em>pio</em></span> <span class='ocrx_word' id='word_1_7' title='bbox 538 552 577 607; x_wconf 92' lang='lat' dir='ltr'><em>ut</em></span> <span class='ocrx_word' id='word_1_8' title='bbox 612 527 730 605; x_wconf 83' lang='lat' dir='ltr'><em>filium</em></span> <span class='ocrx_word' id='word_1_9' title='bbox 765 528 970 604; x_wconf 75' lang='lat' dir='ltr'><em>Ecclesiae.</em></span> <span class='ocrx_word' id='word_1_10' title='bbox 1013 535 1061 601; x_wconf 82' lang='lat' dir='ltr'><em>Er</em></span> <span class='ocrx_word' id='word_1_11' title='bbox 1099 525 1203 598; x_wconf 88' lang='lat' dir='ltr'><em>mittit</em></span> <span class='ocrx_word' id='word_1_12' title='bbox 1233 517 1512 598; x_wconf 85' lang='lat' dir='ltr'><em>Aexaminetur</em></span> <span class='ocrx_word' id='word_1_13' title='bbox 1538 549 1619 596; x_wconf 90' lang='lat' dir='ltr'><em>rum</em></span> <span class='ocrx_word' id='word_1_14' title='bbox 1645 522 1746 600; x_wconf 85' lang='lat' dir='ltr'><em>omni</em></span> <span class='ocrx_word' id='word_1_15' title='bbox 1773 521 1921 599; x_wconf 79' lang='lat' dir='ltr'><em>caritate</em></span> <span class='ocrx_word' id='word_1_16' title='bbox 1945 529 1986 600; x_wconf 93' lang='lat' dir='ltr'><em>de</em></span> <span class='ocrx_word' id='word_1_17' title='bbox 2012 523 2054 600; x_wconf 87' lang='lat' dir='ltr'><em>fi.</em></span> 
     </span>
    </p>
   </div>
   <div class='ocr_carea' id='block_1_4' title="bbox 435 631 1202 929">
    <p class='ocr_par' dir='ltr' id='par_1_4' title="bbox 435 631 1202 929">
     <span class='ocr_line' id='line_1_4' title="bbox 436 631 1199 728; baseline -0.014 -18"><span class='ocrx_word' id='word_1_18' title='bbox 436 665 507 710; x_wconf 88' lang='lat' dir='ltr'><em>eum</em></span> <span class='ocrx_word' id='word_1_19' title='bbox 527 635 589 728; x_wconf 89' lang='lat' dir='ltr'><em>sub</em></span> <span class='ocrx_word' id='word_1_20' title='bbox 615 640 760 724; x_wconf 51' lang='lat' dir='ltr'><em>Martem</em></span> <span class='ocrx_word' id='word_1_21' title='bbox 796 633 841 705; x_wconf 71' lang='lat' dir='ltr'><em>D*</em></span> <span class='ocrx_word' id='word_1_22' title='bbox 879 635 935 704; x_wconf 77' lang='lat' dir='ltr'><em>itte</em></span> <span class='ocrx_word' id='word_1_23' title='bbox 969 631 1125 724; x_wconf 79' lang='lat' dir='ltr'><em>osrutatur</em></span> <span class='ocrx_word' id='word_1_24' title='bbox 1146 651 1199 725; x_wconf 89' lang='lat' dir='ltr'><em>pc·</em></span> 
     </span>
     <span class='ocr_line' id='line_1_5' title="bbox 435 736 1202 832; baseline -0.018 -20"><span class='ocrx_word' id='word_1_25' title='bbox 435 737 507 812; x_wconf 64' lang='lat' dir='ltr'><em>Gur</em></span> <span class='ocrx_word' id='word_1_26' title='bbox 533 737 665 810; x_wconf 91' lang='lat' dir='ltr'><em>Domini</em></span> <span class='ocrx_word' id='word_1_27' title='bbox 691 743 800 832; x_wconf 85' lang='lat' dir='ltr'><em>Papae</em></span> <span class='ocrx_word' id='word_1_28' title='bbox 807 764 829 826; x_wconf 89' lang='lat'><em>;</em></span> <span class='ocrx_word' id='word_1_29' title='bbox 854 737 899 808; x_wconf 63' lang='grc' dir='ltr'><em>Θ</em></span> <span class='ocrx_word' id='word_1_30' title='bbox 924 736 1039 832; x_wconf 86' lang='lat' dir='ltr'><em>accipit</em></span> <span class='ocrx_word' id='word_1_31' title='bbox 1062 759 1130 804; x_wconf 92' lang='lat' dir='ltr'><em>eum</em></span> <span class='ocrx_word' id='word_1_32' title='bbox 1145 752 1202 826; x_wconf 91' lang='lat' dir='ltr'><em>per</em></span> 
     </span>
     <span class='ocr_line' id='line_1_6' title="bbox 435 833 1201 929; baseline -0.017 -14"><span class='ocrx_word' id='word_1_33' title='bbox 435 843 597 915; x_wconf 81' lang='lat' dir='ltr'><em>dexterum</em></span> <span class='ocrx_word' id='word_1_34' title='bbox 623 865 778 929; x_wconf 86' lang='lat' dir='ltr'><em>manum,</em></span> <span class='ocrx_word' id='word_1_35' title='bbox 815 841 860 909; x_wconf 56' lang='grc' dir='ltr'><em>(θ’</em></span> <span class='ocrx_word' id='word_1_36' title='bbox 885 839 1103 913; x_wconf 69' lang='lat' dir='ltr'><em>cancellarius</em></span> <span class='ocrx_word' id='word_1_37' title='bbox 1132 833 1201 926; x_wconf 85' lang='lat' dir='ltr'><em>ejus</em></span> 
     </span>
    </p>
   </div>
   <div class='ocr_carea' id='block_1_5' title="bbox 429 935 1202 1433">
    <p class='ocr_par' dir='ltr' id='par_1_5' title="bbox 429 935 1202 1433">
     <span class='ocr_line' id='line_1_7' title="bbox 429 935 1202 1039; baseline -0.014 -25"><span class='ocrx_word' id='word_1_38' title='bbox 429 943 589 1039; x_wconf 83' lang='lat' dir='ltr'><em>susicntat</em></span> <span class='ocrx_word' id='word_1_39' title='bbox 624 969 693 1014; x_wconf 91' lang='lat' dir='ltr'><em>eum</em></span> <span class='ocrx_word' id='word_1_40' title='bbox 727 946 750 1013; x_wconf 80' lang='lat' dir='ltr'><em>d</em></span> <span class='ocrx_word' id='word_1_41' title='bbox 777 939 928 1030; x_wconf 68' lang='lat' dir='ltr'><em>siniſtra.</em></span> <span class='ocrx_word' id='word_1_42' title='bbox 962 935 1096 1010; x_wconf 71' lang='lat' dir='ltr'><em>Erectus</em></span> <span class='ocrx_word' id='word_1_43' title='bbox 1127 939 1202 1006; x_wconf 78' lang='lat' dir='ltr'><em>eresi</em></span> 
     </span>
     <span class='ocr_line' id='line_1_8' title="bbox 434 1037 1200 1144; baseline -0.02 -23"><span class='ocrx_word' id='word_1_44' title='bbox 434 1049 562 1120; x_wconf 81' lang='lat' dir='ltr'><em>ducetur</em></span> <span class='ocrx_word' id='word_1_45' title='bbox 591 1067 649 1144; x_wconf 91' lang='lat' dir='ltr'><em>per</em></span> <span class='ocrx_word' id='word_1_46' title='bbox 679 1047 839 1126; x_wconf 83' lang='lat' dir='ltr'><em>dexteram</em></span> <span class='ocrx_word' id='word_1_47' title='bbox 862 1043 907 1114; x_wconf 88' lang='lat' dir='ltr'><em>ad</em></span> <span class='ocrx_word' id='word_1_48' title='bbox 930 1037 1200 1112; x_wconf 62' lang='lat' dir='ltr'><em>montanearum</em></span> 
     </span>
     <span class='ocr_line' id='line_1_9' title="bbox 435 1139 1200 1244; baseline -0.022 -20"><span class='ocrx_word' id='word_1_49' title='bbox 435 1149 571 1224; x_wconf 88' lang='lat' dir='ltr'><em>Domini</em></span> <span class='ocrx_word' id='word_1_50' title='bbox 599 1155 707 1244; x_wconf 85' lang='lat' dir='ltr'><em>Papae</em></span> <span class='ocrx_word' id='word_1_51' title='bbox 715 1175 737 1232; x_wconf 87' lang='lat'><em>,·</em></span> <span class='ocrx_word' id='word_1_52' title='bbox 771 1147 815 1214; x_wconf 68' lang='grc' dir='ltr'><em>Θ·</em></span> <span class='ocrx_word' id='word_1_53' title='bbox 832 1139 881 1225; x_wconf 80' lang='lat' dir='ltr'><em>fir</em></span> <span class='ocrx_word' id='word_1_54' title='bbox 906 1140 1007 1210; x_wconf 91' lang='lat' dir='ltr'><em>intrat</em></span> <span class='ocrx_word' id='word_1_55' title='bbox 1038 1159 1097 1236; x_wconf 91' lang='lat' dir='ltr'><em>per</em></span> <span class='ocrx_word' id='word_1_56' title='bbox 1126 1159 1200 1236; x_wconf 91' lang='lat' dir='ltr'><em>por·</em></span> 
     </span>
     <span class='ocr_line' id='line_1_10' title="bbox 435 1241 1196 1336; baseline -0.024 -13"><span class='ocrx_word' id='word_1_57' title='bbox 435 1272 504 1326; x_wconf 88' lang='lat' dir='ltr'><em>tam</em></span> <span class='ocrx_word' id='word_1_58' title='bbox 522 1277 664 1336; x_wconf 87' lang='lat' dir='ltr'><em>aeream,</em></span> <span class='ocrx_word' id='word_1_59' title='bbox 680 1244 810 1317; x_wconf 82' lang='lat' dir='ltr'><em>Clericis</em></span> <span class='ocrx_word' id='word_1_60' title='bbox 828 1243 914 1316; x_wconf 86' lang='lat' dir='ltr'><em>beati</em></span> <span class='ocrx_word' id='word_1_61' title='bbox 929 1241 1020 1312; x_wconf 89' lang='lat' dir='ltr'><em>Petri</em></span> <span class='ocrx_word' id='word_1_62' title='bbox 1038 1245 1196 1314; x_wconf 85' lang='lat' dir='ltr'><em>cantanti.</em></span> 
     </span>
     <span class='ocr_line' id='line_1_11' title="bbox 434 1343 1200 1433; baseline -0.014 -7"><span class='ocrx_word' id='word_1_63' title='bbox 434 1357 517 1426; x_wconf 81' lang='lat' dir='ltr'><em>bru:</em></span> <span class='ocrx_word' id='word_1_64' title='bbox 533 1347 742 1426; x_wconf 73' lang='lat' dir='ltr'><em>Benedibius</em></span> <span class='ocrx_word' id='word_1_65' title='bbox 764 1344 940 1418; x_wconf 84' lang='lat' dir='ltr'>Dominus</span> <span class='ocrx_word' id='word_1_66' title='bbox 960 1347 1055 1418; x_wconf 91' lang='lat' dir='ltr'><em>Deus</em></span> <span class='ocrx_word' id='word_1_67' title='bbox 1075 1343 1200 1433; x_wconf 68' lang='lat' dir='ltr'><em>Israbl,</em></span> 
     </span>
    </p>
   </div>
   <div class='ocr_carea' id='block_1_6' title="bbox 1291 621 2136 1440">
    <p class='ocr_par' dir='ltr' id='par_1_6' title="bbox 1291 621 2136 1440">
     <span class='ocr_line' id='line_1_12' title="bbox 1291 621 2056 728; baseline 0.012 -35"><span class='ocrx_word' id='word_1_68' title='bbox 1291 621 1333 694; x_wconf 93' lang='lat' dir='ltr'><em>de</em></span> <span class='ocrx_word' id='word_1_69' title='bbox 1359 621 1505 696; x_wconf 76' lang='lat' dir='ltr'><em>Sanbiae</em></span> <span class='ocrx_word' id='word_1_70' title='bbox 1532 625 1752 702; x_wconf 75' lang='lat' dir='ltr'><em>Trinitatis:</em></span> <span class='ocrx_word' id='word_1_71' title='bbox 1789 630 1825 701; x_wconf 79' lang='grc' dir='ltr'><em>δι</em></span> <span class='ocrx_word' id='word_1_72' title='bbox 1862 628 2056 728; x_wconf 79' lang='lat' dir='ltr'><em>interrege·</em></span> 
     </span>
     <span class='ocr_line' id='line_1_13' title="bbox 1293 721 2078 822; baseline 0.001 -26"><span class='ocrx_word' id='word_1_73' title='bbox 1293 742 1351 796; x_wconf 91' lang='lat' dir='ltr'><em>tur</em></span> <span class='ocrx_word' id='word_1_74' title='bbox 1375 721 1419 798; x_wconf 86' lang='lat' dir='ltr'><em>de</em></span> <span class='ocrx_word' id='word_1_75' title='bbox 1454 721 1597 800; x_wconf 78' lang='lat' dir='ltr'><em>diverses</em></span> <span class='ocrx_word' id='word_1_76' title='bbox 1633 726 1739 802; x_wconf 89' lang='lat' dir='ltr'><em>causss</em></span> <span class='ocrx_word' id='word_1_77' title='bbox 1775 731 1830 803; x_wconf 89' lang='lat' dir='ltr'><em>vel</em></span> <span class='ocrx_word' id='word_1_78' title='bbox 1866 731 2078 822; x_wconf 78' lang='lat' dir='ltr'><em>mortbus,¹</em></span> 
     </span>
     <span class='ocr_line' id='line_1_14' title="bbox 1293 825 2057 928; baseline 0.009 -31"><span class='ocrx_word' id='word_1_79' title='bbox 1293 825 1356 924; x_wconf 92' lang='lat' dir='ltr'><em>qui</em></span> <span class='ocrx_word' id='word_1_80' title='bbox 1383 825 1444 900; x_wconf 87' lang='lat' dir='ltr'><em>suo</em></span> <span class='ocrx_word' id='word_1_81' title='bbox 1470 827 1640 928; x_wconf 91' lang='lat' dir='ltr'><em>regimini</em></span> <span class='ocrx_word' id='word_1_82' title='bbox 1677 849 1900 928; x_wconf 85' lang='lat' dir='ltr'><em>congruunt,</em></span> <span class='ocrx_word' id='word_1_83' title='bbox 1936 829 2057 906; x_wconf 89' lang='lat' dir='ltr'><em>secun·</em></span> 
     </span>
     <span class='ocr_line' id='line_1_15' title="bbox 1293 929 2055 1030; baseline 0.012 -31"><span class='ocrx_word' id='word_1_84' title='bbox 1293 931 1377 999; x_wconf 78' lang='lat' dir='ltr'><em>uum</em></span> <span class='ocrx_word' id='word_1_85' title='bbox 1413 929 1660 1030; x_wconf 86' lang='lat' dir='ltr'><em>Apostolicum</em></span> <span class='ocrx_word' id='word_1_86' title='bbox 1701 931 1866 1006; x_wconf 70' lang='lat' dir='ltr'><em>dibium:</em></span> <span class='ocrx_word' id='word_1_87' title='bbox 1912 941 2055 1008; x_wconf 86' lang='lat' dir='ltr'><em>Manum</em></span> 
     </span>
     <span class='ocr_line' id='line_1_16' title="bbox 1292 1031 2136 1131; baseline 0.012 -29"><span class='ocrx_word' id='word_1_88' title='bbox 1292 1031 1353 1102; x_wconf 83' lang='lat' dir='ltr'><em>riti</em></span> <span class='ocrx_word' id='word_1_89' title='bbox 1379 1032 1498 1104; x_wconf 87' lang='lat' dir='ltr'><em>nemini</em></span> <span class='ocrx_word' id='word_1_90' title='bbox 1524 1034 1721 1131; x_wconf 74' lang='lat' dir='ltr'><em>imposueris.</em></span> <span class='ocrx_word' id='word_1_91' title='bbox 1747 1039 1795 1108; x_wconf 84' lang='lat' dir='ltr'><em>Et</em></span> <span class='ocrx_word' id='word_1_92' title='bbox 1815 1049 1853 1107; x_wconf 79' lang='lat' dir='ltr'><em>ut</em></span> <span class='ocrx_word' id='word_1_93' title='bbox 1871 1035 1978 1109; x_wconf 84' lang='lat' dir='ltr'><em>etiam</em></span> <span class='ocrx_word' id='word_1_94' title='bbox 1999 1036 2055 1130; x_wconf 84' lang='lat' dir='ltr'><em>is,</em></span> <span class='ocrx_word' id='word_1_95' title='bbox 2130 1042 2136 1052; x_wconf 85' lang='lat'>&#39;</span> 
     </span>
     <span class='ocr_line' id='line_1_17' title="bbox 1295 1133 2055 1230; baseline 0.009 -24"><span class='ocrx_word' id='word_1_96' title='bbox 1295 1135 1357 1229; x_wconf 90' lang='lat' dir='ltr'><em>qui</em></span> <span class='ocrx_word' id='word_1_97' title='bbox 1382 1133 1598 1211; x_wconf 88' lang='lat' dir='ltr'><em>ordinandus</em></span> <span class='ocrx_word' id='word_1_98' title='bbox 1625 1136 1698 1227; x_wconf 84' lang='lat' dir='ltr'><em>eii,</em></span> <span class='ocrx_word' id='word_1_99' title='bbox 1726 1155 1828 1210; x_wconf 88' lang='lat' dir='ltr'><em>antea</em></span> <span class='ocrx_word' id='word_1_100' title='bbox 1854 1138 2055 1230; x_wconf 80' lang='lat' dir='ltr'>erudiatur,</span> 
     </span>
     <span class='ocr_line' id='line_1_18' title="bbox 1297 1233 2059 1340; baseline 0.008 -32"><span class='ocrx_word' id='word_1_101' title='bbox 1297 1233 1451 1330; x_wconf 80' lang='lat' dir='ltr'>qualiter</span> <span class='ocrx_word' id='word_1_102' title='bbox 1476 1264 1556 1312; x_wconf 92' lang='lat' dir='ltr'><em>eum</em></span> <span class='ocrx_word' id='word_1_103' title='bbox 1583 1239 1621 1312; x_wconf 93' lang='lat' dir='ltr'><em>in</em></span> <span class='ocrx_word' id='word_1_104' title='bbox 1649 1265 1689 1312; x_wconf 89' lang='lat' dir='ltr'><em>ea</em></span> <span class='ocrx_word' id='word_1_105' title='bbox 1716 1237 1935 1340; x_wconf 76' lang='lat' dir='ltr'>praelatione</span> <span class='ocrx_word' id='word_1_106' title='bbox 1973 1265 2059 1314; x_wconf 87' lang='lat' dir='ltr'><em>con·</em></span> 
     </span>
     <span class='ocr_line' id='line_1_19' title="bbox 1296 1335 2057 1440; baseline 0.009 -31"><span class='ocrx_word' id='word_1_107' title='bbox 1296 1335 1455 1412; x_wconf 86' lang='lat' dir='ltr'><em>stitutum</em></span> <span class='ocrx_word' id='word_1_108' title='bbox 1481 1358 1644 1440; x_wconf 81' lang='lat' dir='ltr'>oporteat</span> <span class='ocrx_word' id='word_1_109' title='bbox 1671 1337 1893 1432; x_wconf 87' lang='lat' dir='ltr'><em>conversari,</em></span> <span class='ocrx_word' id='word_1_110' title='bbox 1931 1357 1970 1414; x_wconf 88' lang='lat' dir='ltr'><em>ut</em></span> <span class='ocrx_word' id='word_1_111' title='bbox 1996 1367 2057 1417; x_wconf 85' lang='lat' dir='ltr'><em>ex·</em></span> 
     </span>
    </p>
   </div>
   <div class='ocr_carea' id='block_1_7' title="bbox 434 1435 2058 1972">
    <p class='ocr_par' dir='ltr' id='par_1_7' title="bbox 434 1435 2058 1972">
     <span class='ocr_line' id='line_1_20' title="bbox 434 1435 2058 1551; baseline -0.007 -24"><span class='ocrx_word' id='word_1_112' title='bbox 434 1455 530 1551; x_wconf 90' lang='lat' dir='ltr'><em>usque</em></span> <span class='ocrx_word' id='word_1_113' title='bbox 554 1467 747 1548; x_wconf 74' lang='lat' dir='ltr'><em>adponam</em></span> <span class='ocrx_word' id='word_1_114' title='bbox 767 1447 1002 1544; x_wconf 80' lang='lat' dir='ltr'><em>argentariam.</em></span> <span class='ocrx_word' id='word_1_115' title='bbox 1022 1447 1074 1518; x_wconf 81' lang='lat' dir='ltr'><em>Ibi</em></span> <span class='ocrx_word' id='word_1_116' title='bbox 1090 1447 1193 1516; x_wconf 84' lang='lat' dir='ltr'><em>dimit.</em></span> <span class='ocrx_word' id='word_1_117' title='bbox 1297 1435 1465 1516; x_wconf 89' lang='lat' dir='ltr'><em>cusabiles</em></span> <span class='ocrx_word' id='word_1_118' title='bbox 1500 1441 1594 1534; x_wconf 91' lang='lat' dir='ltr'><em>fint,</em></span> <span class='ocrx_word' id='word_1_119' title='bbox 1630 1444 1693 1544; x_wconf 90' lang='lat' dir='ltr'><em>qui</em></span> <span class='ocrx_word' id='word_1_120' title='bbox 1719 1443 1754 1518; x_wconf 92' lang='lat' dir='ltr'><em>ei</em></span> <span class='ocrx_word' id='word_1_121' title='bbox 1781 1469 1906 1517; x_wconf 91' lang='lat' dir='ltr'><em>manus</em></span> <span class='ocrx_word' id='word_1_122' title='bbox 1943 1443 2058 1546; x_wconf 83' lang='lat' dir='ltr'><em>impo·</em></span> 
     </span>
     <span class='ocr_line' id='line_1_21' title="bbox 435 1529 2056 1647; baseline -0.004 -20"><span class='ocrx_word' id='word_1_123' title='bbox 435 1561 480 1627; x_wconf 84' lang='lat' dir='ltr'><em>tit</em></span> <span class='ocrx_word' id='word_1_124' title='bbox 505 1583 582 1627; x_wconf 71' lang='lat' dir='ltr'><em>eum.</em></span> <span class='ocrx_word' id='word_1_125' title='bbox 601 1553 760 1628; x_wconf 83' lang='lat' dir='ltr'><em>Dominus</em></span> <span class='ocrx_word' id='word_1_126' title='bbox 785 1553 877 1647; x_wconf 79' lang='lat' dir='ltr'><em>Papa</em></span> <span class='ocrx_word' id='word_1_127' title='bbox 911 1568 1076 1636; x_wconf 88' lang='lat' dir='ltr'><em>orantem,</em></span> <span class='ocrx_word' id='word_1_128' title='bbox 1111 1573 1201 1644; x_wconf 87' lang='lat' dir='ltr'><em>quem</em></span> <span class='ocrx_word' id='word_1_129' title='bbox 1239 1529 1266 1599; x_wconf 85' lang='grc' dir='ltr'>Β</span> <span class='ocrx_word' id='word_1_130' title='bbox 1297 1561 1410 1618; x_wconf 90' lang='lat' dir='ltr'><em>nunt.</em></span> <span class='ocrx_word' id='word_1_131' title='bbox 1447 1545 1579 1620; x_wconf 88' lang='lat' dir='ltr'><em>Eadem</em></span> <span class='ocrx_word' id='word_1_132' title='bbox 1614 1545 1737 1645; x_wconf 89' lang='lat' dir='ltr'><em>itaque</em></span> <span class='ocrx_word' id='word_1_133' title='bbox 1773 1545 1986 1620; x_wconf 78' lang='lat' dir='ltr'><em>aubioritate</em></span> <span class='ocrx_word' id='word_1_134' title='bbox 2020 1547 2056 1620; x_wconf 76' lang='lat' dir='ltr'><em>bt</em></span> 
     </span>
     <span class='ocr_line' id='line_1_22' title="bbox 1295 1645 2057 1749; baseline 0.01 -31"><span class='ocrx_word' id='word_1_135' title='bbox 1295 1663 1480 1746; x_wconf 86' lang='lat' dir='ltr'><em>praecepto</em></span> <span class='ocrx_word' id='word_1_136' title='bbox 1494 1646 1753 1749; x_wconf 80' lang='lat' dir='ltr'>interrogamus</span> <span class='ocrx_word' id='word_1_137' title='bbox 1764 1665 1799 1722; x_wconf 92' lang='lat' dir='ltr'><em>te</em></span> <span class='ocrx_word' id='word_1_138' title='bbox 1811 1703 1821 1737; x_wconf 92' lang='lat'><em>,</em></span> <span class='ocrx_word' id='word_1_139' title='bbox 1832 1645 2057 1726; x_wconf 75' lang='lat' dir='ltr'><em>dilebiiffime</em></span> 
     </span>
     <span class='ocr_line' id='line_1_23' title="bbox 1294 1743 2057 1850; baseline 0.001 -32"><span class='ocrx_word' id='word_1_140' title='bbox 1294 1743 1370 1836; x_wconf 85' lang='lat' dir='ltr'><em>fili,</em></span> <span class='ocrx_word' id='word_1_141' title='bbox 1387 1747 1533 1822; x_wconf 88' lang='lat' dir='ltr'><em>caritate</em></span> <span class='ocrx_word' id='word_1_142' title='bbox 1547 1747 1674 1824; x_wconf 86' lang='lat' dir='ltr'><em>fincera</em></span> <span class='ocrx_word' id='word_1_143' title='bbox 1687 1749 1732 1841; x_wconf 86' lang='lat' dir='ltr'><em>,fi</em></span> <span class='ocrx_word' id='word_1_144' title='bbox 1748 1775 1891 1824; x_wconf 87' lang='lat' dir='ltr'><em>ornnem</em></span> <span class='ocrx_word' id='word_1_145' title='bbox 1908 1749 2057 1850; x_wconf 79' lang='lat' dir='ltr'><em>pruden-</em></span> 
     </span>
     <span class='ocr_line' id='line_1_24' title="bbox 1295 1846 2057 1972; baseline 0.012 -55"><span class='ocrx_word' id='word_1_146' title='bbox 1295 1846 1382 1921; x_wconf 89' lang='lat' dir='ltr'><em>tiam</em></span> <span class='ocrx_word' id='word_1_147' title='bbox 1408 1866 1530 1940; x_wconf 88' lang='lat' dir='ltr'><em>tuam,</em></span> <span class='ocrx_word' id='word_1_148' title='bbox 1566 1872 1740 1951; x_wconf 88' lang='lat' dir='ltr'><em>quantum</em></span> <span class='ocrx_word' id='word_1_149' title='bbox 1777 1871 1836 1926; x_wconf 89' lang='lat' dir='ltr'><em>tua</em></span> <span class='ocrx_word' id='word_1_150' title='bbox 1873 1879 1982 1972; x_wconf 68' lang='lat' dir='ltr'><em>qapax</em></span> <span class='ocrx_word' id='word_1_151' title='bbox 2010 1851 2057 1927; x_wconf 80' lang='lat' dir='ltr'><em>eii</em></span> 
     </span>
    </p>
   </div>
   <div class='ocr_carea' id='block_1_8' title="bbox 431 1650 1200 2440">
    <p class='ocr_par' dir='ltr' id='par_1_8' title="bbox 431 1650 1200 2440">
     <span class='ocr_line' id='line_1_25' title="bbox 435 1650 1195 1753; baseline -0.008 -25"><span class='ocrx_word' id='word_1_152' title='bbox 435 1661 522 1730; x_wconf 82' lang='lat' dir='ltr'><em>lento</em></span> <span class='ocrx_word' id='word_1_153' title='bbox 542 1657 743 1753; x_wconf 71' lang='lat' dir='ltr'><em>subsequitur</em></span> <span class='ocrx_word' id='word_1_154' title='bbox 762 1655 871 1750; x_wconf 90' lang='lat' dir='ltr'><em>gradu</em></span> <span class='ocrx_word' id='word_1_155' title='bbox 896 1653 1125 1745; x_wconf 74' lang='lat' dir='ltr'><em>Reginorum</em></span> <span class='ocrx_word' id='word_1_156' title='bbox 1144 1650 1195 1744; x_wconf 91' lang='lat' dir='ltr'><em>su·</em></span> 
     </span>
     <span class='ocr_line' id='line_1_26' title="bbox 431 1751 1184 1858; baseline -0.007 -28"><span class='ocrx_word' id='word_1_157' title='bbox 431 1760 592 1858; x_wconf 71' lang='lat' dir='ltr'><em>pradiHis</em></span> <span class='ocrx_word' id='word_1_158' title='bbox 616 1755 797 1829; x_wconf 75' lang='lat' dir='ltr'><em>dubioribus</em></span> <span class='ocrx_word' id='word_1_159' title='bbox 815 1754 887 1846; x_wconf 87' lang='lat' dir='ltr'><em>suis</em></span> <span class='ocrx_word' id='word_1_160' title='bbox 911 1751 1068 1849; x_wconf 89' lang='lat' dir='ltr'><em>usquead</em></span> <span class='ocrx_word' id='word_1_161' title='bbox 1084 1751 1184 1849; x_wconf 90' lang='lat' dir='ltr'><em>supra</em></span> 
     </span>
     <span class='ocr_line' id='line_1_27' title="bbox 435 1852 1199 1959; baseline -0.009 -27"><span class='ocrx_word' id='word_1_162' title='bbox 435 1861 556 1932; x_wconf 74' lang='lat' dir='ltr'><em>edibiam</em></span> <span class='ocrx_word' id='word_1_163' title='bbox 578 1883 705 1959; x_wconf 83' lang='lat' dir='ltr'><em>portam</em></span> <span class='ocrx_word' id='word_1_164' title='bbox 729 1879 930 1958; x_wconf 84' lang='lat' dir='ltr'><em>argenteam.</em></span> <span class='ocrx_word' id='word_1_165' title='bbox 969 1852 1102 1926; x_wconf 77' lang='lat' dir='ltr'><em>Etebius</em></span> <span class='ocrx_word' id='word_1_166' title='bbox 1125 1862 1199 1928; x_wconf 81' lang='lat' dir='ltr'><em>verb</em></span> 
     </span>
     <span class='ocr_line' id='line_1_28' title="bbox 435 1955 1199 2059; baseline -0.01 -24"><span class='ocrx_word' id='word_1_167' title='bbox 435 1965 587 2059; x_wconf 80' lang='lat' dir='ltr'><em>compieta</em></span> <span class='ocrx_word' id='word_1_168' title='bbox 612 1959 760 2036; x_wconf 74' lang='lat' dir='ltr'><em>Oratione</em></span> <span class='ocrx_word' id='word_1_169' title='bbox 788 1959 922 2054; x_wconf 91' lang='lat' dir='ltr'><em>surgit,</em></span> <span class='ocrx_word' id='word_1_170' title='bbox 959 1957 1002 2028; x_wconf 59' lang='grc' dir='ltr'><em>(ν</em></span> <span class='ocrx_word' id='word_1_171' title='bbox 1028 1955 1199 2054; x_wconf 78' lang='lat' dir='ltr'><em>Episcopus</em></span> 
     </span>
     <span class='ocr_line' id='line_1_29' title="bbox 434 2057 1200 2156; baseline -0.008 -20"><span class='ocrx_word' id='word_1_172' title='bbox 434 2057 635 2147; x_wconf 65' lang='lat' dir='ltr'><em>«Albaneirsis</em></span> <span class='ocrx_word' id='word_1_173' title='bbox 659 2072 717 2133; x_wconf 82' lang='lat' dir='ltr'><em>dat</em></span> <span class='ocrx_word' id='word_1_174' title='bbox 736 2059 833 2156; x_wconf 90' lang='lat' dir='ltr'><em>super</em></span> <span class='ocrx_word' id='word_1_175' title='bbox 865 2083 935 2128; x_wconf 93' lang='lat' dir='ltr'><em>eum</em></span> <span class='ocrx_word' id='word_1_176' title='bbox 958 2063 1040 2130; x_wconf 84' lang='lat' dir='ltr'><em>banc</em></span> <span class='ocrx_word' id='word_1_177' title='bbox 1060 2060 1200 2156; x_wconf 87' lang='lat' dir='ltr'><em>primam</em></span> 
     </span>
     <span class='ocr_line' id='line_1_30' title="bbox 433 2157 1194 2260; baseline -0.003 -26"><span class='ocrx_word' id='word_1_178' title='bbox 433 2161 643 2234; x_wconf 85' lang='lat' dir='ltr'><em>Orationem:¹</em></span> <span class='ocrx_word' id='word_1_179' title='bbox 670 2165 786 2252; x_wconf 89' lang='lat' dir='ltr'><em>Deus,</em></span> <span class='ocrx_word' id='word_1_180' title='bbox 813 2157 852 2233; x_wconf 93' lang='lat' dir='ltr'><em>in</em></span> <span class='ocrx_word' id='word_1_181' title='bbox 880 2159 978 2260; x_wconf 82' lang='lat' dir='ltr'><em>cujus</em></span> <span class='ocrx_word' id='word_1_182' title='bbox 998 2185 1104 2234; x_wconf 89' lang='lat' dir='ltr'><em>manu</em></span> <span class='ocrx_word' id='word_1_183' title='bbox 1124 2187 1194 2234; x_wconf 91' lang='lat' dir='ltr'><em>cor·</em></span> 
     </span>
     <span class='ocr_line' id='line_1_31' title="bbox 435 2259 1200 2363; baseline 0.001 -25"><span class='ocrx_word' id='word_1_184' title='bbox 435 2263 480 2338; x_wconf 85' lang='lat' dir='ltr'><em>da</em></span> <span class='ocrx_word' id='word_1_185' title='bbox 517 2261 595 2337; x_wconf 91' lang='lat' dir='ltr'><em>sunt</em></span> <span class='ocrx_word' id='word_1_186' title='bbox 634 2268 796 2363; x_wconf 81' lang='lat' dir='ltr'><em>Regum,</em></span> <span class='ocrx_word' id='word_1_187' title='bbox 832 2261 968 2336; x_wconf 88' lang='lat' dir='ltr'><em>inclina</em></span> <span class='ocrx_word' id='word_1_188' title='bbox 1004 2259 1047 2336; x_wconf 86' lang='lat' dir='ltr'><em>ad</em></span> <span class='ocrx_word' id='word_1_189' title='bbox 1084 2291 1200 2363; x_wconf 87' lang='lat' dir='ltr'><em>preces</em></span> 
     </span>
     <span class='ocr_line' id='line_1_32' title="bbox 433 2363 1195 2440; baseline -0.001 -1"><span class='ocrx_word' id='word_1_190' title='bbox 433 2365 656 2440; x_wconf 87' lang='lat' dir='ltr'><em>humilitatis</em></span> <span class='ocrx_word' id='word_1_191' title='bbox 691 2363 823 2438; x_wconf 87' lang='lat' dir='ltr'><em>nostrae</em></span> <span class='ocrx_word' id='word_1_192' title='bbox 864 2389 961 2438; x_wconf 89' lang='lat' dir='ltr'><em>aures</em></span> <span class='ocrx_word' id='word_1_193' title='bbox 1003 2363 1195 2440; x_wconf 84' lang='lat' dir='ltr'><em>misericor·</em></span> 
     </span>
    </p>
   </div>
   <div class='ocr_carea' id='block_1_9' title="bbox 1292 1951 2057 2464">
    <p class='ocr_par' dir='ltr' id='par_1_9' title="bbox 1292 1951 2057 2464">
     <span class='ocr_line' id='line_1_33' title="bbox 1294 1951 2056 2052; baseline 0.013 -32"><span class='ocrx_word' id='word_1_194' title='bbox 1294 1967 1440 2036; x_wconf 87' lang='lat' dir='ltr'><em>natura,</em></span> <span class='ocrx_word' id='word_1_195' title='bbox 1459 1951 1586 2026; x_wconf 88' lang='lat' dir='ltr'><em>divino</em></span> <span class='ocrx_word' id='word_1_196' title='bbox 1606 1953 1754 2029; x_wconf 87' lang='lat' dir='ltr'><em>servitio</em></span> <span class='ocrx_word' id='word_1_197' title='bbox 1774 1979 1972 2052; x_wconf 77' lang='lat' dir='ltr'><em>mancepare</em></span> <span class='ocrx_word' id='word_1_198' title='bbox 1991 1980 2056 2030; x_wconf 89' lang='lat' dir='ltr'><em>vo·</em></span> 
     </span>
     <span class='ocr_line' id='line_1_34' title="bbox 1292 2050 2055 2151; baseline 0.013 -29"><span class='ocrx_word' id='word_1_199' title='bbox 1292 2050 1422 2126; x_wconf 83' lang='lat' dir='ltr'><em>lucris?</em></span> <span class='ocrx_word' id='word_1_200' title='bbox 1451 2055 1630 2151; x_wconf 71' lang='lat' dir='ltr'><em>Respondet</em></span> <span class='ocrx_word' id='word_1_201' title='bbox 1657 2057 1729 2130; x_wconf 87' lang='lat' dir='ltr'><em>ira:</em></span> <span class='ocrx_word' id='word_1_202' title='bbox 1750 2059 1850 2130; x_wconf 86' lang='lat' dir='ltr'><em>Toto</em></span> <span class='ocrx_word' id='word_1_203' title='bbox 1870 2055 1972 2130; x_wconf 90' lang='lat' dir='ltr'><em>corde</em></span> <span class='ocrx_word' id='word_1_204' title='bbox 1991 2083 2055 2132; x_wconf 86' lang='lat' dir='ltr'><em>vo·</em></span> 
     </span>
     <span class='ocr_line' id='line_1_35' title="bbox 1293 2153 2056 2236; baseline 0.016 -12"><span class='ocrx_word' id='word_1_205' title='bbox 1293 2154 1330 2225; x_wconf 92' lang='lat' dir='ltr'><em>lo</em></span> <span class='ocrx_word' id='word_1_206' title='bbox 1356 2153 1394 2226; x_wconf 93' lang='lat' dir='ltr'><em>in</em></span> <span class='ocrx_word' id='word_1_207' title='bbox 1420 2157 1586 2231; x_wconf 91' lang='lat' dir='ltr'><em>omnibus</em></span> <span class='ocrx_word' id='word_1_208' title='bbox 1612 2157 1754 2233; x_wconf 89' lang='lat' dir='ltr'><em>obedire</em></span> <span class='ocrx_word' id='word_1_209' title='bbox 1779 2160 1815 2231; x_wconf 79' lang='grc' dir='ltr'><em>δι</em></span> <span class='ocrx_word' id='word_1_210' title='bbox 1840 2157 2056 2236; x_wconf 87' lang='lat' dir='ltr'><em>consentire.</em></span> 
     </span>
     <span class='ocr_line' id='line_1_36' title="bbox 1294 2258 2054 2359; baseline 0.013 -33"><span class='ocrx_word' id='word_1_211' title='bbox 1294 2259 1531 2354; x_wconf 79' lang='lat' dir='ltr'><em>interrogatur:</em></span> <span class='ocrx_word' id='word_1_212' title='bbox 1567 2258 1633 2333; x_wconf 88' lang='lat' dir='ltr'><em>Vis</em></span> <span class='ocrx_word' id='word_1_213' title='bbox 1660 2287 1775 2334; x_wconf 88' lang='lat' dir='ltr'><em>mores</em></span> <span class='ocrx_word' id='word_1_214' title='bbox 1802 2280 1881 2335; x_wconf 89' lang='lat' dir='ltr'><em>tuos</em></span> <span class='ocrx_word' id='word_1_215' title='bbox 1907 2261 1949 2334; x_wconf 89' lang='lat' dir='ltr'><em>ab</em></span> <span class='ocrx_word' id='word_1_216' title='bbox 1975 2287 2054 2359; x_wconf 81' lang='lat' dir='ltr'><em>om·</em></span> 
     </span>
     <span class='ocr_line' id='line_1_37' title="bbox 1294 2359 2057 2464; baseline 0.012 -35"><span class='ocrx_word' id='word_1_217' title='bbox 1294 2359 1331 2430; x_wconf 95' lang='lat' dir='ltr'><em>ni</em></span> <span class='ocrx_word' id='word_1_218' title='bbox 1359 2363 1455 2432; x_wconf 90' lang='lat' dir='ltr'><em>malo</em></span> <span class='ocrx_word' id='word_1_219' title='bbox 1482 2378 1704 2462; x_wconf 89' lang='lat' dir='ltr'><em>temperare,</em></span> <span class='ocrx_word' id='word_1_220' title='bbox 1730 2365 1764 2436; x_wconf 76' lang='grc' dir='ltr'>ἃ</span> <span class='ocrx_word' id='word_1_221' title='bbox 1794 2378 1966 2461; x_wconf 87' lang='lat' dir='ltr'><em>quantum</em></span> <span class='ocrx_word' id='word_1_222' title='bbox 1994 2389 2057 2464; x_wconf 88' lang='lat' dir='ltr'><em>po·</em></span> 
     </span>
    </p>
   </div>
   <div class='ocr_carea' id='block_1_10' title="bbox 435 2459 2056 2565">
    <p class='ocr_par' dir='ltr' id='par_1_10' title="bbox 435 2459 2056 2565">
     <span class='ocr_line' id='line_1_38' title="bbox 435 2459 2056 2565; baseline 0 -23"><span class='ocrx_word' id='word_1_223' title='bbox 435 2465 515 2542; x_wconf 90' lang='lat' dir='ltr'><em>diae</em></span> <span class='ocrx_word' id='word_1_224' title='bbox 542 2485 649 2559; x_wconf 90' lang='lat' dir='ltr'><em>tuac,</em></span> <span class='ocrx_word' id='word_1_225' title='bbox 676 2469 711 2541; x_wconf 75' lang='grc' dir='ltr'><em>δι</em></span> <span class='ocrx_word' id='word_1_226' title='bbox 740 2463 900 2563; x_wconf 89' lang='lat' dir='ltr'><em>Principi</em></span> <span class='ocrx_word' id='word_1_227' title='bbox 927 2464 1042 2539; x_wconf 85' lang='lat' dir='ltr'><em>nostro</em></span> <span class='ocrx_word' id='word_1_228' title='bbox 1065 2464 1199 2542; x_wconf 86' lang='lat' dir='ltr'><em>famulo</em></span> <span class='ocrx_word' id='word_1_229' title='bbox 1232 2486 1262 2554; x_wconf 67' lang='grc' dir='ltr'><em>ς</em></span> <span class='ocrx_word' id='word_1_230' title='bbox 1294 2459 1400 2552; x_wconf 87' lang='lat' dir='ltr'><em>teris,</em></span> <span class='ocrx_word' id='word_1_231' title='bbox 1438 2462 1597 2538; x_wconf 91' lang='lat' dir='ltr'><em>Domino</em></span> <span class='ocrx_word' id='word_1_232' title='bbox 1624 2463 1836 2565; x_wconf 86' lang='lat' dir='ltr'><em>adjuvante,</em></span> <span class='ocrx_word' id='word_1_233' title='bbox 1872 2463 1916 2538; x_wconf 85' lang='lat' dir='ltr'><em>ad</em></span> <span class='ocrx_word' id='word_1_234' title='bbox 1950 2491 2056 2542; x_wconf 91' lang='lat' dir='ltr'><em>omne</em></span> 
     </span>
    </p>
   </div>
   <div class='ocr_carea' id='block_1_11' title="bbox 429 2566 1201 3373">
    <p class='ocr_par' dir='ltr' id='par_1_11' title="bbox 433 2566 1198 2976">
     <span class='ocr_line' id='line_1_39' title="bbox 434 2566 1195 2669; baseline -0.003 -25"><span class='ocrx_word' id='word_1_235' title='bbox 434 2587 501 2644; x_wconf 86' lang='lat' dir='ltr'><em>tuo</em></span> <span class='ocrx_word' id='word_1_236' title='bbox 529 2573 576 2644; x_wconf 91' lang='lat' dir='ltr'><em>N.</em></span> <span class='ocrx_word' id='word_1_237' title='bbox 604 2569 759 2669; x_wconf 86' lang='lat' dir='ltr'><em>tegimen</em></span> <span class='ocrx_word' id='word_1_238' title='bbox 787 2585 868 2642; x_wconf 89' lang='lat' dir='ltr'><em>tuae</em></span> <span class='ocrx_word' id='word_1_239' title='bbox 894 2593 1030 2666; x_wconf 83' lang='lat' dir='ltr'><em>appone</em></span> <span class='ocrx_word' id='word_1_240' title='bbox 1066 2566 1195 2666; x_wconf 73' lang='lat' dir='ltr'><em>sapien·</em></span> 
     </span>
     <span class='ocr_line' id='line_1_40' title="bbox 433 2667 1197 2763; baseline 0.001 -19"><span class='ocrx_word' id='word_1_241' title='bbox 433 2671 531 2763; x_wconf 87' lang='lat' dir='ltr'><em>tiae,</em></span> <span class='ocrx_word' id='word_1_242' title='bbox 552 2690 591 2746; x_wconf 87' lang='lat' dir='ltr'><em>ut</em></span> <span class='ocrx_word' id='word_1_243' title='bbox 611 2669 739 2746; x_wconf 80' lang='lat' dir='ltr'><em>haustis</em></span> <span class='ocrx_word' id='word_1_244' title='bbox 758 2668 801 2745; x_wconf 92' lang='lat' dir='ltr'><em>de</em></span> <span class='ocrx_word' id='word_1_245' title='bbox 821 2687 884 2744; x_wconf 88' lang='lat' dir='ltr'><em>tuo</em></span> <span class='ocrx_word' id='word_1_246' title='bbox 903 2667 1002 2743; x_wconf 87' lang='lat' dir='ltr'><em>fonte</em></span> <span class='ocrx_word' id='word_1_247' title='bbox 1021 2669 1197 2762; x_wconf 81' lang='lat' dir='ltr'><em>confitiis,</em></span> 
     </span>
     <span class='ocr_line' id='line_1_41' title="bbox 435 2770 1198 2873; baseline 0 -27"><span class='ocrx_word' id='word_1_248' title='bbox 435 2771 507 2846; x_wconf 89' lang='lat' dir='ltr'><em>tibi</em></span> <span class='ocrx_word' id='word_1_249' title='bbox 537 2775 694 2873; x_wconf 88' lang='lat' dir='ltr'><em>placeat,</em></span> <span class='ocrx_word' id='word_1_250' title='bbox 731 2771 894 2867; x_wconf 88' lang='lat' dir='ltr'><em>&amp;super</em></span> <span class='ocrx_word' id='word_1_251' title='bbox 928 2770 1050 2847; x_wconf 86' lang='lat' dir='ltr'><em>omnia</em></span> <span class='ocrx_word' id='word_1_252' title='bbox 1078 2775 1198 2872; x_wconf 87' lang='lat' dir='ltr'><em>Regna</em></span> 
     </span>
     <span class='ocr_line' id='line_1_42' title="bbox 435 2875 835 2976; baseline 0.003 -28"><span class='ocrx_word' id='word_1_253' title='bbox 435 2875 648 2976; x_wconf 88' lang='lat' dir='ltr'><em>praecellat.</em></span> <span class='ocrx_word' id='word_1_254' title='bbox 676 2879 742 2950; x_wconf 89' lang='lat' dir='ltr'><em>Per</em></span> <span class='ocrx_word' id='word_1_255' title='bbox 767 2877 835 2949; x_wconf 73' lang='lat' dir='ltr'><em>&amp;n</em></span> 
     </span>
    </p>

    <p class='ocr_par' dir='ltr' id='par_1_12' title="bbox 429 2976 1201 3373">
     <span class='ocr_line' id='line_1_43' title="bbox 487 2976 1193 3076; baseline -0.001 -27"><span class='ocrx_word' id='word_1_256' title='bbox 487 2976 562 3064; x_wconf 82' lang='lat' dir='ltr'><em>Posi</em></span> <span class='ocrx_word' id='word_1_257' title='bbox 588 2979 746 3049; x_wconf 82' lang='lat' dir='ltr'><em>Dominus</em></span> <span class='ocrx_word' id='word_1_258' title='bbox 770 2983 865 3074; x_wconf 83' lang='lat' dir='ltr'><em>Pape</em></span> <span class='ocrx_word' id='word_1_259' title='bbox 890 2977 1069 3076; x_wconf 75' lang='lat' dir='ltr'><em>ingreditur</em></span> <span class='ocrx_word' id='word_1_260' title='bbox 1095 2979 1193 3050; x_wconf 83' lang='lat' dir='ltr'><em>Eccle-</em></span> 
     </span>
     <span class='ocr_line' id='line_1_44' title="bbox 429 3077 1196 3174; baseline 0 -21"><span class='ocrx_word' id='word_1_261' title='bbox 429 3077 517 3164; x_wconf 82' lang='lat' dir='ltr'><em>firm</em></span> <span class='ocrx_word' id='word_1_262' title='bbox 543 3081 629 3152; x_wconf 87' lang='lat' dir='ltr'><em>beati</em></span> <span class='ocrx_word' id='word_1_263' title='bbox 652 3077 762 3168; x_wconf 89' lang='lat' dir='ltr'><em>Petri,</em></span> <span class='ocrx_word' id='word_1_264' title='bbox 798 3079 932 3150; x_wconf 87' lang='lat' dir='ltr'><em>Clerieis</em></span> <span class='ocrx_word' id='word_1_265' title='bbox 964 3078 1102 3174; x_wconf 77' lang='lat' dir='ltr'><em>ejusdem</em></span> <span class='ocrx_word' id='word_1_266' title='bbox 1138 3085 1196 3152; x_wconf 91' lang='lat' dir='ltr'><em>Ec·</em></span> 
     </span>
     <span class='ocr_line' id='line_1_45' title="bbox 436 3178 1201 3275; baseline 0.008 -25"><span class='ocrx_word' id='word_1_267' title='bbox 436 3178 546 3262; x_wconf 83' lang='lat' dir='ltr'><em>clefiae</em></span> <span class='ocrx_word' id='word_1_268' title='bbox 581 3180 785 3251; x_wconf 87' lang='lat' dir='ltr'><em>cantantibus</em></span> <span class='ocrx_word' id='word_1_269' title='bbox 820 3179 1063 3275; x_wconf 86' lang='lat' dir='ltr'><em>responsorium:</em></span> <span class='ocrx_word' id='word_1_270' title='bbox 1099 3186 1201 3257; x_wconf 82' lang='lat' dir='ltr'><em>Petre</em></span> 
     </span>
     <span class='ocr_line' id='line_1_46' title="bbox 435 3277 1197 3373; baseline 0.004 -21"><span class='ocrx_word' id='word_1_271' title='bbox 435 3305 532 3352; x_wconf 79' lang='lat' dir='ltr'><em>arnas</em></span> <span class='ocrx_word' id='word_1_272' title='bbox 559 3277 638 3353; x_wconf 84' lang='lat' dir='ltr'><em>me?</em></span> <span class='ocrx_word' id='word_1_273' title='bbox 667 3287 740 3373; x_wconf 70' lang='lat' dir='ltr'><em>‚Qus</em></span> <span class='ocrx_word' id='word_1_274' title='bbox 764 3283 931 3372; x_wconf 82' lang='lat' dir='ltr'><em>completo,</em></span> <span class='ocrx_word' id='word_1_275' title='bbox 951 3283 1110 3353; x_wconf 83' lang='lat' dir='ltr'><em>Dominus</em></span> <span class='ocrx_word' id='word_1_276' title='bbox 1133 3291 1197 3355; x_wconf 89' lang='lat' dir='ltr'><em>Pa·</em></span> 
     </span>
    </p>
   </div>
   <div class='ocr_carea' id='block_1_12' title="bbox 1290 2562 2055 3380">
    <p class='ocr_par' dir='ltr' id='par_1_13' title="bbox 1290 2562 2055 3380">
     <span class='ocr_line' id='line_1_47' title="bbox 1292 2562 2054 2664; baseline 0.009 -29"><span class='ocrx_word' id='word_1_277' title='bbox 1292 2562 1423 2636; x_wconf 89' lang='lat' dir='ltr'><em>bonum</em></span> <span class='ocrx_word' id='word_1_278' title='bbox 1466 2564 1716 2642; x_wconf 83' lang='lat' dir='ltr'><em>commutare?</em></span> <span class='ocrx_word' id='word_1_279' title='bbox 1759 2566 1940 2664; x_wconf 85' lang='lat' dir='ltr'><em>Respondet</em></span> <span class='ocrx_word' id='word_1_280' title='bbox 1956 2593 1973 2640; x_wconf 91' lang='lat'><em>.·</em></span> <span class='ocrx_word' id='word_1_281' title='bbox 2012 2571 2054 2642; x_wconf 87' lang='grc' dir='ltr'><em>Ιι</em></span> 
     </span>
     <span class='ocr_line' id='line_1_48' title="bbox 1292 2669 2055 2768; baseline 0.009 -32"><span class='ocrx_word' id='word_1_282' title='bbox 1292 2683 1463 2762; x_wconf 88' lang='lat' dir='ltr'><em>quantum</em></span> <span class='ocrx_word' id='word_1_283' title='bbox 1491 2669 1652 2762; x_wconf 80' lang='lat' dir='ltr'><em>poiium,</em></span> <span class='ocrx_word' id='word_1_284' title='bbox 1680 2671 2055 2768; x_wconf 78' lang='lat' dir='ltr'><em>volo.1ntrrrogarur.·</em></span> 
     </span>
     <span class='ocr_line' id='line_1_49' title="bbox 1292 2765 2054 2846; baseline 0.005 -9"><span class='ocrx_word' id='word_1_285' title='bbox 1292 2765 1357 2839; x_wconf 87' lang='lat' dir='ltr'><em>Vis</em></span> <span class='ocrx_word' id='word_1_286' title='bbox 1384 2765 1608 2844; x_wconf 87' lang='lat' dir='ltr'><em>sobrietatem</em></span> <span class='ocrx_word' id='word_1_287' title='bbox 1637 2797 1717 2845; x_wconf 91' lang='lat' dir='ltr'><em>curn</em></span> <span class='ocrx_word' id='word_1_288' title='bbox 1747 2771 1815 2846; x_wconf 91' lang='lat' dir='ltr'><em>Dei</em></span> <span class='ocrx_word' id='word_1_289' title='bbox 1836 2772 1974 2846; x_wconf 89' lang='lat' dir='ltr'><em>auxilio</em></span> <span class='ocrx_word' id='word_1_290' title='bbox 1993 2799 2054 2846; x_wconf 81' lang='lat' dir='ltr'><em>cu·</em></span> 
     </span>
     <span class='ocr_line' id='line_1_50' title="bbox 1290 2865 2053 2976; baseline 0.001 -36"><span class='ocrx_word' id='word_1_291' title='bbox 1290 2865 1442 2944; x_wconf 86' lang='lat' dir='ltr'><em>stodire?</em></span> <span class='ocrx_word' id='word_1_292' title='bbox 1471 2872 1680 2970; x_wconf 82' lang='lat' dir='ltr'><em>Respondet:</em></span> <span class='ocrx_word' id='word_1_293' title='bbox 1708 2877 1948 2976; x_wconf 84' lang='lat' dir='ltr'><em>loquantum</em></span> <span class='ocrx_word' id='word_1_294' title='bbox 1976 2873 2053 2974; x_wconf 86' lang='lat' dir='ltr'><em>pos.</em></span> 
     </span>
     <span class='ocr_line' id='line_1_51' title="bbox 1293 2967 2054 3076; baseline 0.012 -33"><span class='ocrx_word' id='word_1_295' title='bbox 1293 2967 1391 3063; x_wconf 89' lang='lat' dir='ltr'><em>sunt,</em></span> <span class='ocrx_word' id='word_1_296' title='bbox 1418 2974 1531 3047; x_wconf 84' lang='lat' dir='ltr'><em>volo.</em></span> <span class='ocrx_word' id='word_1_297' title='bbox 1557 2980 1803 3073; x_wconf 81' lang='lat' dir='ltr'><em>interrogatur:</em></span> <span class='ocrx_word' id='word_1_298' title='bbox 1829 2977 1897 3051; x_wconf 89' lang='lat' dir='ltr'><em>Vis</em></span> <span class='ocrx_word' id='word_1_299' title='bbox 1922 2974 2054 3076; x_wconf 86' lang='lat' dir='ltr'><em>semper</em></span> 
     </span>
     <span class='ocr_line' id='line_1_52' title="bbox 1293 3073 2054 3178; baseline 0.008 -32"><span class='ocrx_word' id='word_1_300' title='bbox 1293 3073 1426 3148; x_wconf 81' lang='lat' dir='ltr'><em>divinis</em></span> <span class='ocrx_word' id='word_1_301' title='bbox 1454 3075 1648 3178; x_wconf 85' lang='lat' dir='ltr'><em>mancipari</em></span> <span class='ocrx_word' id='word_1_302' title='bbox 1675 3076 1859 3178; x_wconf 84' lang='lat' dir='ltr'><em>negotiis,</em></span> <span class='ocrx_word' id='word_1_303' title='bbox 1894 3079 1929 3152; x_wconf 84' lang='lat' dir='ltr'><em>bt</em></span> <span class='ocrx_word' id='word_1_304' title='bbox 1956 3079 1976 3152; x_wconf 73' lang='lat' dir='ltr'><em>b</em></span> <span class='ocrx_word' id='word_1_305' title='bbox 2001 3079 2054 3153; x_wconf 89' lang='lat' dir='ltr'><em>iu·</em></span> 
     </span>
     <span class='ocr_line' id='line_1_53' title="bbox 1296 3175 2054 3279; baseline 0.011 -31"><span class='ocrx_word' id='word_1_306' title='bbox 1296 3175 1364 3250; x_wconf 92' lang='lat' dir='ltr'><em>cris</em></span> <span class='ocrx_word' id='word_1_307' title='bbox 1391 3177 1552 3275; x_wconf 86' lang='lat' dir='ltr'><em>turpibus</em></span> <span class='ocrx_word' id='word_1_308' title='bbox 1586 3179 1652 3252; x_wconf 77' lang='lat' dir='ltr'><em>etse</em></span> <span class='ocrx_word' id='word_1_309' title='bbox 1687 3179 1847 3270; x_wconf 88' lang='lat' dir='ltr'><em>alienus,</em></span> <span class='ocrx_word' id='word_1_310' title='bbox 1882 3199 2054 3279; x_wconf 85' lang='lat' dir='ltr'><em>quantum</em></span> 
     </span>
     <span class='ocr_line' id='line_1_54' title="bbox 1291 3277 2055 3380; baseline 0.005 -30"><span class='ocrx_word' id='word_1_311' title='bbox 1291 3297 1325 3350; x_wconf 89' lang='lat' dir='ltr'><em>re</em></span> <span class='ocrx_word' id='word_1_312' title='bbox 1351 3277 1503 3352; x_wconf 82' lang='lat' dir='ltr'><em>humane</em></span> <span class='ocrx_word' id='word_1_313' title='bbox 1540 3279 1717 3379; x_wconf 90' lang='lat' dir='ltr'><em>permittit</em></span> <span class='ocrx_word' id='word_1_314' title='bbox 1753 3279 1951 3380; x_wconf 79' lang='lat' dir='ltr'><em>fragilitas?</em></span> <span class='ocrx_word' id='word_1_315' title='bbox 1987 3291 2055 3356; x_wconf 87' lang='lat' dir='ltr'><em>Re·</em></span> 
     </span>
    </p>
   </div>
   <div class='ocr_carea' id='block_1_13' title="bbox 432 3378 2053 3479">
    <p class='ocr_par' dir='ltr' id='par_1_14' title="bbox 432 3378 2053 3479">
     <span class='ocr_line' id='line_1_55' title="bbox 432 3378 2053 3479; baseline 0.001 -27"><span class='ocrx_word' id='word_1_316' title='bbox 432 3402 479 3478; x_wconf 93' lang='lat' dir='ltr'><em>pa</em></span> <span class='ocrx_word' id='word_1_317' title='bbox 502 3381 674 3452; x_wconf 82' lang='lat' dir='ltr'><em>benedicit.</em></span> <span class='ocrx_word' id='word_1_318' title='bbox 711 3378 838 3450; x_wconf 86' lang='lat' dir='ltr'><em>Deinde</em></span> <span class='ocrx_word' id='word_1_319' title='bbox 860 3378 946 3470; x_wconf 84' lang='lat' dir='ltr'><em>sedet</em></span> <span class='ocrx_word' id='word_1_320' title='bbox 972 3381 1007 3452; x_wconf 89' lang='lat' dir='ltr'><em>in</em></span> <span class='ocrx_word' id='word_1_321' title='bbox 1032 3385 1115 3452; x_wconf 76' lang='lat' dir='ltr'><em>Sede</em></span> <span class='ocrx_word' id='word_1_322' title='bbox 1134 3383 1200 3466; x_wconf 78' lang='lat' dir='ltr'><em>fibi</em></span> <span class='ocrx_word' id='word_1_323' title='bbox 1235 3379 1439 3472; x_wconf 78' lang='lat' dir='ltr'><em>Dspondet:</em></span> <span class='ocrx_word' id='word_1_324' title='bbox 1470 3383 1510 3451; x_wconf 94' lang='lat' dir='ltr'><em>In</em></span> <span class='ocrx_word' id='word_1_325' title='bbox 1538 3399 1709 3479; x_wconf 89' lang='lat' dir='ltr'><em>quantum</em></span> <span class='ocrx_word' id='word_1_326' title='bbox 1747 3381 1909 3478; x_wconf 85' lang='lat' dir='ltr'><em>poiium,</em></span> <span class='ocrx_word' id='word_1_327' title='bbox 1947 3387 2053 3460; x_wconf 83' lang='lat' dir='ltr'><em>volo.</em></span> 
     </span>
    </p>
   </div>
   <div class='ocr_carea' id='block_1_14' title="bbox 427 3481 1197 4304">
    <p class='ocr_par' dir='ltr' id='par_1_15' title="bbox 427 3481 1197 4304">
     <span class='ocr_line' id='line_1_56' title="bbox 432 3481 1193 3581; baseline 0.003 -29"><span class='ocrx_word' id='word_1_328' title='bbox 432 3504 627 3581; x_wconf 84' lang='lat' dir='ltr'><em>praeparata</em></span> <span class='ocrx_word' id='word_1_329' title='bbox 651 3485 686 3556; x_wconf 88' lang='lat' dir='ltr'><em>in</em></span> <span class='ocrx_word' id='word_1_330' title='bbox 711 3489 840 3554; x_wconf 83' lang='lat' dir='ltr'><em>dexteru</em></span> <span class='ocrx_word' id='word_1_331' title='bbox 860 3503 954 3578; x_wconf 84' lang='lat' dir='ltr'><em>parte</em></span> <span class='ocrx_word' id='word_1_332' title='bbox 988 3481 1125 3576; x_wconf 80' lang='lat' dir='ltr'><em>ejusdem</em></span> <span class='ocrx_word' id='word_1_333' title='bbox 1150 3509 1193 3554; x_wconf 88' lang='lat' dir='ltr'><em>ro·</em></span> 
     </span>
     <span class='ocr_line' id='line_1_57' title="bbox 433 3574 1189 3683; baseline -0.004 -25"><span class='ocrx_word' id='word_1_334' title='bbox 433 3606 504 3658; x_wconf 87' lang='lat' dir='ltr'><em>tae.</em></span> <span class='ocrx_word' id='word_1_335' title='bbox 532 3574 697 3683; x_wconf 78' lang='lat' dir='ltr'><em>Cbmpleta</em></span> <span class='ocrx_word' id='word_1_336' title='bbox 722 3584 871 3654; x_wconf 78' lang='lat' dir='ltr'><em>Oratione</em></span> <span class='ocrx_word' id='word_1_337' title='bbox 889 3583 1087 3669; x_wconf 77' lang='lat' dir='ltr'><em>Albauensis</em></span> <span class='ocrx_word' id='word_1_338' title='bbox 1113 3585 1189 3682; x_wconf 85' lang='lat' dir='ltr'><em>Epi·</em></span> 
     </span>
     <span class='ocr_line' id='line_1_58' title="bbox 427 3684 1194 3781; baseline 0.005 -27"><span class='ocrx_word' id='word_1_339' title='bbox 427 3685 517 3781; x_wconf 91' lang='lat' dir='ltr'><em>scopi</em></span> <span class='ocrx_word' id='word_1_340' title='bbox 552 3688 731 3781; x_wconf 86' lang='lat' dir='ltr'><em>ingreditur</em></span> <span class='ocrx_word' id='word_1_341' title='bbox 765 3684 923 3774; x_wconf 70' lang='lat' dir='ltr'><em>Etesiae,</em></span> <span class='ocrx_word' id='word_1_342' title='bbox 965 3685 1008 3755; x_wconf 62' lang='grc' dir='ltr'><em>θ</em></span> <span class='ocrx_word' id='word_1_343' title='bbox 1036 3685 1127 3779; x_wconf 88' lang='lat' dir='ltr'><em>sedet</em></span> <span class='ocrx_word' id='word_1_344' title='bbox 1162 3687 1194 3758; x_wconf 86' lang='lat' dir='ltr'><em>in</em></span> 
     </span>
     <span class='ocr_line' id='line_1_59' title="bbox 429 3783 1195 3882; baseline 0.004 -26"><span class='ocrx_word' id='word_1_345' title='bbox 429 3783 597 3882; x_wconf 72' lang='lat' dir='ltr'><em>praedibia</em></span> <span class='ocrx_word' id='word_1_346' title='bbox 629 3788 736 3872; x_wconf 78' lang='lat' dir='ltr'><em>Sede,</em></span> <span class='ocrx_word' id='word_1_347' title='bbox 775 3785 1055 3882; x_wconf 67' lang='lat' dir='ltr'><em>usrcbipresbyteto</em></span> <span class='ocrx_word' id='word_1_348' title='bbox 1080 3789 1195 3860; x_wconf 82' lang='lat' dir='ltr'><em>Cardi-</em></span> 
     </span>
     <span class='ocr_line' id='line_1_60' title="bbox 433 3885 1197 3963; baseline 0.003 -3"><span class='ocrx_word' id='word_1_349' title='bbox 433 3886 558 3960; x_wconf 84' lang='lat' dir='ltr'><em>rtuiium</em></span> <span class='ocrx_word' id='word_1_350' title='bbox 584 3897 628 3958; x_wconf 74' lang='lat' dir='ltr'><em>D·</em></span> <span class='ocrx_word' id='word_1_351' title='bbox 652 3885 888 3961; x_wconf 66' lang='lat' dir='ltr'><em>Archidiacono</em></span> <span class='ocrx_word' id='word_1_352' title='bbox 921 3887 995 3960; x_wconf 84' lang='lat' dir='ltr'><em>binc</em></span> <span class='ocrx_word' id='word_1_353' title='bbox 1029 3891 1104 3963; x_wconf 90' lang='lat' dir='ltr'><em>inde</em></span> <span class='ocrx_word' id='word_1_354' title='bbox 1128 3917 1197 3962; x_wconf 91' lang='lat' dir='ltr'><em>eum</em></span> 
     </span>
     <span class='ocr_line' id='line_1_61' title="bbox 433 3989 1197 4085; baseline 0.003 -22"><span class='ocrx_word' id='word_1_355' title='bbox 433 3989 640 4084; x_wconf 83' lang='lat' dir='ltr'><em>ducentibus,</em></span> <span class='ocrx_word' id='word_1_356' title='bbox 670 3991 714 4062; x_wconf 64' lang='grc' dir='ltr'><em>(θ’</em></span> <span class='ocrx_word' id='word_1_357' title='bbox 733 3990 833 4085; x_wconf 80' lang='lat' dir='ltr'><em>juxta</em></span> <span class='ocrx_word' id='word_1_358' title='bbox 857 4017 928 4061; x_wconf 90' lang='lat' dir='ltr'><em>eum</em></span> <span class='ocrx_word' id='word_1_359' title='bbox 939 3990 1142 4084; x_wconf 76' lang='lat' dir='ltr'><em>sedentibus,</em></span> <span class='ocrx_word' id='word_1_360' title='bbox 1161 4016 1197 4065; x_wconf 93' lang='lat' dir='ltr'><em>ut</em></span> 
     </span>
     <span class='ocr_line' id='line_1_62' title="bbox 431 4092 1197 4191; baseline 0.005 -27"><span class='ocrx_word' id='word_1_361' title='bbox 431 4092 563 4164; x_wconf 75' lang='lat' dir='ltr'><em>doceant</em></span> <span class='ocrx_word' id='word_1_362' title='bbox 596 4095 735 4190; x_wconf 80' lang='lat' dir='ltr'><em>qualiter</em></span> <span class='ocrx_word' id='word_1_363' title='bbox 767 4093 879 4166; x_wconf 89' lang='lat' dir='ltr'><em>debeat</em></span> <span class='ocrx_word' id='word_1_364' title='bbox 912 4095 1050 4167; x_wconf 82' lang='lat' dir='ltr'><em>Domino</em></span> <span class='ocrx_word' id='word_1_365' title='bbox 1087 4101 1197 4191; x_wconf 87' lang='lat' dir='ltr'><em>Papae</em></span> 
     </span>
     <span class='ocr_line' id='line_1_63' title="bbox 433 4192 1197 4304; baseline 0.005 -40"><span class='ocrx_word' id='word_1_366' title='bbox 433 4192 470 4264; x_wconf 90' lang='lat' dir='ltr'><em>in</em></span> <span class='ocrx_word' id='word_1_367' title='bbox 504 4193 653 4283; x_wconf 84' lang='lat' dir='ltr'><em>scrutinio</em></span> <span class='ocrx_word' id='word_1_368' title='bbox 687 4195 885 4293; x_wconf 87' lang='lat' dir='ltr'><em>respondere.</em></span> <span class='ocrx_word' id='word_1_369' title='bbox 921 4201 1080 4268; x_wconf 86' lang='lat' dir='ltr'><em>Dominus</em></span> <span class='ocrx_word' id='word_1_370' title='bbox 1105 4203 1197 4304; x_wconf 81' lang='lat' dir='ltr'><em>Papa</em></span> 
     </span>
    </p>
   </div>
   <div class='ocr_carea' id='block_1_15' title="bbox 1291 3475 2058 3888">
    <p class='ocr_par' dir='ltr' id='par_1_16' title="bbox 1291 3475 2058 3888">
     <span class='ocr_line' id='line_1_64' title="bbox 1291 3475 2055 3580; baseline 0 -28"><span class='ocrx_word' id='word_1_371' title='bbox 1291 3483 1528 3576; x_wconf 83' lang='lat' dir='ltr'><em>interrogatur:</em></span> <span class='ocrx_word' id='word_1_372' title='bbox 1564 3481 1631 3554; x_wconf 82' lang='lat' dir='ltr'><em>vis</em></span> <span class='ocrx_word' id='word_1_373' title='bbox 1661 3475 1904 3555; x_wconf 84' lang='lat' dir='ltr'><em>humilitatem</em></span> <span class='ocrx_word' id='word_1_374' title='bbox 1930 3487 1966 3557; x_wconf 88' lang='lat'>&amp;</span> <span class='ocrx_word' id='word_1_375' title='bbox 1995 3513 2055 3580; x_wconf 82' lang='lat' dir='ltr'><em>pa.</em></span> 
     </span>
     <span class='ocr_line' id='line_1_65' title="bbox 1293 3579 2054 3683; baseline 0.009 -30"><span class='ocrx_word' id='word_1_376' title='bbox 1293 3579 1458 3658; x_wconf 82' lang='lat' dir='ltr'><em>tientiam</em></span> <span class='ocrx_word' id='word_1_377' title='bbox 1484 3581 1529 3657; x_wconf 89' lang='lat' dir='ltr'><em>in.</em></span> <span class='ocrx_word' id='word_1_378' title='bbox 1560 3581 1747 3683; x_wconf 87' lang='lat' dir='ltr'><em>temetipso</em></span> <span class='ocrx_word' id='word_1_379' title='bbox 1784 3581 1980 3675; x_wconf 86' lang='lat' dir='ltr'><em>custodire,</em></span> <span class='ocrx_word' id='word_1_380' title='bbox 2016 3589 2054 3660; x_wconf 75' lang='lat' dir='ltr'><em>be</em></span> 
     </span>
     <span class='ocr_line' id='line_1_66' title="bbox 1293 3681 2054 3784; baseline 0.003 -28"><span class='ocrx_word' id='word_1_381' title='bbox 1293 3681 1382 3756; x_wconf 85' lang='lat' dir='ltr'><em>alios</em></span> <span class='ocrx_word' id='word_1_382' title='bbox 1417 3681 1460 3756; x_wconf 84' lang='lat' dir='ltr'><em>ad</em></span> <span class='ocrx_word' id='word_1_383' title='bbox 1496 3683 1563 3758; x_wconf 89' lang='lat' dir='ltr'><em>hoc</em></span> <span class='ocrx_word' id='word_1_384' title='bbox 1598 3681 1804 3758; x_wconf 79' lang='lat' dir='ltr'><em>inclinare?</em></span> <span class='ocrx_word' id='word_1_385' title='bbox 1841 3688 2023 3784; x_wconf 87' lang='lat' dir='ltr'><em>Respondet</em></span> <span class='ocrx_word' id='word_1_386' title='bbox 2036 3711 2054 3760; x_wconf 89' lang='lat'><em>.·</em></span> 
     </span>
     <span class='ocr_line' id='line_1_67' title="bbox 1295 3786 2058 3888; baseline 0.008 -30"><span class='ocrx_word' id='word_1_387' title='bbox 1295 3790 1333 3858; x_wconf 87' lang='lat' dir='ltr'><em>In</em></span> <span class='ocrx_word' id='word_1_388' title='bbox 1359 3805 1532 3885; x_wconf 86' lang='lat' dir='ltr'><em>quantum</em></span> <span class='ocrx_word' id='word_1_389' title='bbox 1559 3786 1716 3886; x_wconf 74' lang='lat' dir='ltr'><em>pubium,</em></span> <span class='ocrx_word' id='word_1_390' title='bbox 1743 3787 1851 3863; x_wconf 83' lang='lat' dir='ltr'><em>uolo.</em></span> <span class='ocrx_word' id='word_1_391' title='bbox 1876 3791 2058 3888; x_wconf 83' lang='lat' dir='ltr'><em>Interroga·</em></span> 
     </span>
    </p>
   </div>
   <div class='ocr_carea' id='block_1_16' title="bbox 1292 3887 2166 3992">
    <p class='ocr_par' dir='ltr' id='par_1_17' title="bbox 1292 3887 2166 3992">
     <span class='ocr_line' id='line_1_68' title="bbox 1292 3887 2166 3992; baseline 0.014 -34"><span class='ocrx_word' id='word_1_392' title='bbox 1292 3910 1368 3961; x_wconf 86' lang='lat' dir='ltr'><em>rur:</em></span> <span class='ocrx_word' id='word_1_393' title='bbox 1397 3887 1671 3992; x_wconf 82' lang='lat' dir='ltr'><em>Pauperibus&amp;</em></span> <span class='ocrx_word' id='word_1_394' title='bbox 1699 3889 1913 3991; x_wconf 81' lang='lat' dir='ltr'><em>peregrinis,</em></span> <span class='ocrx_word' id='word_1_395' title='bbox 1936 3918 2054 3968; x_wconf 84' lang='lat' dir='ltr'><em>omm-</em></span> <span class='ocrx_word' id='word_1_396' title='bbox 2164 3947 2166 3950; x_wconf 94' lang='lat'>-</span> 
     </span>
    </p>
   </div>
   <div class='ocr_carea' id='block_1_17' title="bbox 1293 3987 2054 4168">
    <p class='ocr_par' dir='ltr' id='par_1_18' title="bbox 1293 3987 2054 4168">
     <span class='ocr_line' id='line_1_69' title="bbox 1293 3987 2054 4168; baseline 0.008 -104"><span class='ocrx_word' id='word_1_397' title='bbox 1293 3987 1422 4089; x_wconf 87' lang='lat' dir='ltr'><em>busque</em></span> <span class='ocrx_word' id='word_1_398' title='bbox 1457 3990 1700 4092; x_wconf 84' lang='lat' dir='ltr'><em>indigentibus</em></span> <span class='ocrx_word' id='word_1_399' title='bbox 1728 3989 1783 4066; x_wconf 91' lang='lat' dir='ltr'><em>vis</em></span> <span class='ocrx_word' id='word_1_400' title='bbox 1809 3992 1876 4068; x_wconf 80' lang='lat' dir='ltr'><em>elie</em></span> <span class='ocrx_word' id='word_1_401' title='bbox 1911 4012 2054 4168; x_wconf 87' lang='lat' dir='ltr'><em>propter</em></span> 
     </span>
    </p>
   </div>
   <div class='ocr_carea' id='block_1_18' title="bbox 1289 4093 2163 4186">
    <p class='ocr_par' dir='ltr' id='par_1_19' title="bbox 1289 4093 2163 4186">
     <span class='ocr_line' id='line_1_70' title="bbox 1289 4093 2163 4186; baseline 0.014 -20"><span class='ocrx_word' id='word_1_402' title='bbox 1289 4119 1419 4168; x_wconf 88' lang='lat' dir='ltr'><em>nomen</em></span> <span class='ocrx_word' id='word_1_403' title='bbox 1449 4093 1599 4167; x_wconf 89' lang='lat' dir='ltr'><em>Domini</em></span> <span class='ocrx_word' id='word_1_404' title='bbox 1635 4093 1810 4186; x_wconf 84' lang='lat' dir='ltr'><em>affabilis,</em></span> <span class='ocrx_word' id='word_1_405' title='bbox 1847 4097 1881 4168; x_wconf 79' lang='grc' dir='ltr'><em>δι</em></span> <span class='ocrx_word' id='word_1_406' title='bbox 1918 4096 1968 4169; x_wconf 92' lang='lat' dir='ltr'><em>mi</em></span> <span class='ocrx_word' id='word_1_407' title='bbox 1985 4095 2054 4172; x_wconf 90' lang='lat' dir='ltr'><em>eri·</em></span> <span class='ocrx_word' id='word_1_408' title='bbox 2160 4173 2163 4178; x_wconf 15' lang='lat' dir='ltr'><em>a</em></span> 
     </span>
    </p>
   </div>
   <div class='ocr_carea' id='block_1_19' title="bbox 1291 4192 2053 4293">
    <p class='ocr_par' dir='ltr' id='par_1_20' title="bbox 1291 4192 2053 4293">
     <span class='ocr_line' id='line_1_71' title="bbox 1291 4192 2053 4293; baseline 0.001 -26"><span class='ocrx_word' id='word_1_409' title='bbox 1291 4192 1394 4268; x_wconf 81' lang='lat' dir='ltr'><em>cors?</em></span> <span class='ocrx_word' id='word_1_410' title='bbox 1423 4194 1628 4293; x_wconf 80' lang='lat' dir='ltr'><em>Respondet:</em></span> <span class='ocrx_word' id='word_1_411' title='bbox 1653 4198 1770 4270; x_wconf 90' lang='lat' dir='ltr'><em>Volo.</em></span> <span class='ocrx_word' id='word_1_412' title='bbox 1798 4201 1846 4269; x_wconf 91' lang='lat' dir='ltr'><em>Et</em></span> <span class='ocrx_word' id='word_1_413' title='bbox 1871 4197 1958 4269; x_wconf 88' lang='lat' dir='ltr'><em>dicat</em></span> <span class='ocrx_word' id='word_1_414' title='bbox 1984 4203 2053 4270; x_wconf 85' lang='lat' dir='ltr'><em>Do·</em></span> 
     </span>
    </p>
   </div>
   <div class='ocr_carea' id='block_1_20' title="bbox 427 4292 2052 4396">
    <p class='ocr_par' dir='ltr' id='par_1_21' title="bbox 427 4292 2052 4396">
     <span class='ocr_line' id='line_1_72' title="bbox 427 4292 2052 4396; baseline 0.005 -29"><span class='ocrx_word' id='word_1_415' title='bbox 427 4292 512 4388; x_wconf 82' lang='lat' dir='ltr'><em>sarit</em></span> <span class='ocrx_word' id='word_1_416' title='bbox 531 4294 722 4388; x_wconf 85' lang='lat' dir='ltr'><em>scrutinium</em></span> <span class='ocrx_word' id='word_1_417' title='bbox 747 4299 782 4370; x_wconf 90' lang='lat' dir='ltr'><em>in</em></span> <span class='ocrx_word' id='word_1_418' title='bbox 807 4302 890 4369; x_wconf 89' lang='lat' dir='ltr'><em>bunt</em></span> <span class='ocrx_word' id='word_1_419' title='bbox 906 4303 1049 4371; x_wconf 86' lang='lat' dir='ltr'><em>modum.</em></span> <span class='ocrx_word' id='word_1_420' title='bbox 1070 4305 1195 4396; x_wconf 78' lang='lat' dir='ltr'><em>Septem</em></span> <span class='ocrx_word' id='word_1_421' title='bbox 1234 4317 1263 4387; x_wconf 77' lang='grc' dir='ltr'>Ε</span> <span class='ocrx_word' id='word_1_422' title='bbox 1291 4297 1396 4368; x_wconf 90' lang='lat' dir='ltr'><em>minus</em></span> <span class='ocrx_word' id='word_1_423' title='bbox 1420 4303 1538 4396; x_wconf 79' lang='lat' dir='ltr'><em>Papa:</em></span> <span class='ocrx_word' id='word_1_424' title='bbox 1563 4299 1664 4372; x_wconf 84' lang='lat' dir='ltr'><em>Haec</em></span> <span class='ocrx_word' id='word_1_425' title='bbox 1689 4300 1833 4387; x_wconf 89' lang='lat' dir='ltr'><em>omnia,</em></span> <span class='ocrx_word' id='word_1_426' title='bbox 1872 4299 1908 4371; x_wconf 74' lang='grc' dir='ltr'><em>δι</em></span> <span class='ocrx_word' id='word_1_427' title='bbox 1935 4319 2052 4375; x_wconf 74' lang='lat' dir='ltr'><em>cetere</em></span> 
     </span>
    </p>
   </div>
   <div class='ocr_carea' id='block_1_21' title="bbox 425 4395 1204 5224">
    <p class='ocr_par' dir='ltr' id='par_1_22' title="bbox 425 4395 1204 5224">
     <span class='ocr_line' id='line_1_73' title="bbox 431 4395 1194 4495; baseline 0.003 -25"><span class='ocrx_word' id='word_1_428' title='bbox 431 4395 597 4495; x_wconf 84' lang='lat' dir='ltr'><em>Episcopis</em></span> <span class='ocrx_word' id='word_1_429' title='bbox 616 4398 800 4490; x_wconf 79' lang='lat' dir='ltr'><em>sedentibus</em></span> <span class='ocrx_word' id='word_1_430' title='bbox 832 4401 878 4471; x_wconf 82' lang='lat' dir='ltr'><em>ad</em></span> <span class='ocrx_word' id='word_1_431' title='bbox 910 4401 1069 4472; x_wconf 74' lang='lat' dir='ltr'><em>dexteram</em></span> <span class='ocrx_word' id='word_1_432' title='bbox 1102 4400 1194 4494; x_wconf 78' lang='lat' dir='ltr'><em>estet,</em></span> 
     </span>
     <span class='ocr_line' id='line_1_74' title="bbox 425 4498 1191 4598; baseline 0.001 -26"><span class='ocrx_word' id='word_1_433' title='bbox 425 4498 600 4594; x_wconf 84' lang='lat' dir='ltr'><em>serundirm</em></span> <span class='ocrx_word' id='word_1_434' title='bbox 624 4500 765 4572; x_wconf 83' lang='lat' dir='ltr'><em>ordinem</em></span> <span class='ocrx_word' id='word_1_435' title='bbox 784 4499 900 4592; x_wconf 83' lang='lat' dir='ltr'><em>suum,</em></span> <span class='ocrx_word' id='word_1_436' title='bbox 924 4503 1073 4598; x_wconf 83' lang='lat' dir='ltr'><em>Episcopi</em></span> <span class='ocrx_word' id='word_1_437' title='bbox 1091 4502 1191 4573; x_wconf 88' lang='lat' dir='ltr'><em>Tbeu·</em></span> 
     </span>
     <span class='ocr_line' id='line_1_75' title="bbox 430 4601 1192 4695; baseline -0.003 -21"><span class='ocrx_word' id='word_1_438' title='bbox 430 4601 528 4674; x_wconf 90' lang='lat' dir='ltr'><em>tonici</em></span> <span class='ocrx_word' id='word_1_439' title='bbox 547 4602 679 4695; x_wconf 88' lang='lat' dir='ltr'><em>sedeant</em></span> <span class='ocrx_word' id='word_1_440' title='bbox 703 4605 747 4674; x_wconf 84' lang='lat' dir='ltr'><em>ad</em></span> <span class='ocrx_word' id='word_1_441' title='bbox 770 4604 932 4674; x_wconf 76' lang='lat' dir='ltr'><em>deuterum</em></span> <span class='ocrx_word' id='word_1_442' title='bbox 956 4603 1083 4694; x_wconf 73' lang='lat' dir='ltr'><em>Eiebii,</em></span> <span class='ocrx_word' id='word_1_443' title='bbox 1113 4610 1192 4674; x_wconf 84' lang='lat' dir='ltr'><em>Cor·</em></span> 
     </span>
     <span class='ocr_line' id='line_1_76' title="bbox 430 4703 1192 4797; baseline 0.003 -23"><span class='ocrx_word' id='word_1_444' title='bbox 430 4703 559 4778; x_wconf 82' lang='lat' dir='ltr'><em>dinaies</em></span> <span class='ocrx_word' id='word_1_445' title='bbox 593 4706 638 4778; x_wconf 59' lang='grc' dir='ltr'><em>δ’</em></span> <span class='ocrx_word' id='word_1_446' title='bbox 663 4704 756 4776; x_wconf 88' lang='lat' dir='ltr'><em>ceteri</em></span> <span class='ocrx_word' id='word_1_447' title='bbox 789 4703 924 4776; x_wconf 87' lang='lat' dir='ltr'><em>Ordines</em></span> <span class='ocrx_word' id='word_1_448' title='bbox 957 4706 1114 4792; x_wconf 78' lang='lat' dir='ltr'><em>Ecclesiae</em></span> <span class='ocrx_word' id='word_1_449' title='bbox 1141 4703 1192 4797; x_wconf 87' lang='lat' dir='ltr'><em>se·</em></span> 
     </span>
     <span class='ocr_line' id='line_1_77' title="bbox 431 4806 1193 4905; baseline 0.008 -31"><span class='ocrx_word' id='word_1_450' title='bbox 431 4808 557 4883; x_wconf 72' lang='lat' dir='ltr'><em>deant.</em></span> <span class='ocrx_word' id='word_1_451' title='bbox 583 4808 741 4881; x_wconf 83' lang='lat' dir='ltr'><em>Dominus</em></span> <span class='ocrx_word' id='word_1_452' title='bbox 764 4813 858 4905; x_wconf 85' lang='lat' dir='ltr'><em>Papa</em></span> <span class='ocrx_word' id='word_1_453' title='bbox 882 4806 990 4878; x_wconf 84' lang='lat' dir='ltr'><em>dicit:</em></span> <span class='ocrx_word' id='word_1_454' title='bbox 1029 4807 1193 4905; x_wconf 86' lang='lat' dir='ltr'><em>Antiqua</em></span> 
     </span>
     <span class='ocr_line' id='line_1_78' title="bbox 433 4905 1194 4987; baseline 0.009 -12"><span class='ocrx_word' id='word_1_455' title='bbox 433 4907 640 4987; x_wconf 73' lang='lat' dir='ltr'><em>Sanbiorum</em></span> <span class='ocrx_word' id='word_1_456' title='bbox 678 4913 822 4987; x_wconf 77' lang='lat' dir='ltr'><em>Parrum</em></span> <span class='ocrx_word' id='word_1_457' title='bbox 868 4905 1045 4985; x_wconf 86' lang='lat' dir='ltr'><em>institutio</em></span> <span class='ocrx_word' id='word_1_458' title='bbox 1089 4910 1194 4984; x_wconf 88' lang='lat' dir='ltr'><em>docet</em></span> 
     </span>
     <span class='ocr_line' id='line_1_79' title="bbox 432 5005 1195 5114; baseline 0.008 -36"><span class='ocrx_word' id='word_1_459' title='bbox 432 5005 470 5078; x_wconf 87' lang='lat'>&amp;</span> <span class='ocrx_word' id='word_1_460' title='bbox 498 5012 609 5106; x_wconf 83' lang='lat' dir='ltr'><em>prarc&#39;</em></span> <span class='ocrx_word' id='word_1_461' title='bbox 638 5014 668 5088; x_wconf 90' lang='lat' dir='ltr'><em>it</em></span> <span class='ocrx_word' id='word_1_462' title='bbox 717 5033 758 5090; x_wconf 89' lang='lat' dir='ltr'><em>ut</em></span> <span class='ocrx_word' id='word_1_463' title='bbox 784 5009 944 5114; x_wconf 89' lang='lat' dir='ltr'><em>quisquis</em></span> <span class='ocrx_word' id='word_1_464' title='bbox 962 5011 1130 5114; x_wconf 85' lang='lat' dir='ltr'><em>eligitur,</em></span> <span class='ocrx_word' id='word_1_465' title='bbox 1154 5027 1195 5085; x_wconf 92' lang='lat' dir='ltr'><em>ut</em></span> 
     </span>
     <span class='ocr_line' id='line_1_80' title="bbox 431 5041 1204 5224; baseline 0.022 -38"><span class='ocrx_word' id='word_1_466' title='bbox 431 5109 580 5210; x_wconf 69' lang='lat' dir='ltr'><em>praeesse</em></span> <span class='ocrx_word' id='word_1_467' title='bbox 605 5041 751 5214; x_wconf 68' lang='lat' dir='ltr'><em>icbeat,</em></span> <span class='ocrx_word' id='word_1_468' title='bbox 786 5133 891 5223; x_wconf 76' lang='lat' dir='ltr'><em>antea</em></span> <span class='ocrx_word' id='word_1_469' title='bbox 925 5112 1204 5224; x_wconf 71' lang='lat' dir='ltr'><em>diligentissime.</em></span> 
     </span>
    </p>
   </div>
   <div class='ocr_carea' id='block_1_22' title="bbox 1292 4399 2100 5004">
    <p class='ocr_par' dir='ltr' id='par_1_23' title="bbox 1292 4399 2100 5004">
     <span class='ocr_line' id='line_1_81' title="bbox 1293 4399 2053 4492; baseline 0.005 -20"><span class='ocrx_word' id='word_1_470' title='bbox 1293 4399 1383 4472; x_wconf 90' lang='lat' dir='ltr'><em>bona</em></span> <span class='ocrx_word' id='word_1_471' title='bbox 1410 4399 1544 4474; x_wconf 86' lang='lat' dir='ltr'><em>tribuat</em></span> <span class='ocrx_word' id='word_1_472' title='bbox 1575 4399 1644 4474; x_wconf 91' lang='lat' dir='ltr'><em>tibi</em></span> <span class='ocrx_word' id='word_1_473' title='bbox 1681 4399 1884 4492; x_wconf 88' lang='lat' dir='ltr'><em>Dominus,</em></span> <span class='ocrx_word' id='word_1_474' title='bbox 1919 4403 1956 4474; x_wconf 78' lang='grc' dir='ltr'><em>δι</em></span> <span class='ocrx_word' id='word_1_475' title='bbox 1992 4429 2053 4476; x_wconf 87' lang='lat' dir='ltr'><em>cu·</em></span> 
     </span>
     <span class='ocr_line' id='line_1_82' title="bbox 1293 4500 2053 4600; baseline 0.008 -26"><span class='ocrx_word' id='word_1_476' title='bbox 1293 4500 1418 4574; x_wconf 86' lang='lat' dir='ltr'><em>studiat</em></span> <span class='ocrx_word' id='word_1_477' title='bbox 1444 4519 1480 4578; x_wconf 91' lang='lat' dir='ltr'><em>te</em></span> <span class='ocrx_word' id='word_1_478' title='bbox 1506 4519 1612 4600; x_wconf 85' lang='lat' dir='ltr'><em>atque</em></span> <span class='ocrx_word' id='word_1_479' title='bbox 1640 4502 1842 4576; x_wconf 86' lang='lat' dir='ltr'><em>corroboret</em></span> <span class='ocrx_word' id='word_1_480' title='bbox 1877 4501 1917 4576; x_wconf 93' lang='lat' dir='ltr'><em>in</em></span> <span class='ocrx_word' id='word_1_481' title='bbox 1952 4501 2053 4580; x_wconf 86' lang='lat' dir='ltr'><em>omni</em></span> 
     </span>
     <span class='ocr_line' id='line_1_83' title="bbox 1293 4604 2053 4701; baseline 0.007 -24"><span class='ocrx_word' id='word_1_482' title='bbox 1293 4604 1413 4677; x_wconf 89' lang='lat' dir='ltr'><em>bono.</em></span> <span class='ocrx_word' id='word_1_483' title='bbox 1448 4609 1496 4676; x_wconf 89' lang='lat' dir='ltr'><em>Et</em></span> <span class='ocrx_word' id='word_1_484' title='bbox 1531 4604 1714 4701; x_wconf 86' lang='lat' dir='ltr'><em>respondent</em></span> <span class='ocrx_word' id='word_1_485' title='bbox 1746 4631 1878 4678; x_wconf 85' lang='lat' dir='ltr'><em>omnes:</em></span> <span class='ocrx_word' id='word_1_486' title='bbox 1913 4609 2053 4682; x_wconf 80' lang='lat' dir='ltr'><em>Amen·</em></span> 
     </span>
     <span class='ocr_line' id='line_1_84' title="bbox 1293 4704 2053 4804; baseline 0.007 -26"><span class='ocrx_word' id='word_1_487' title='bbox 1293 4709 1530 4804; x_wconf 81' lang='lat' dir='ltr'><em>interrogatur:</em></span> <span class='ocrx_word' id='word_1_488' title='bbox 1555 4705 1681 4781; x_wconf 87' lang='lat' dir='ltr'><em>Credis</em></span> <span class='ocrx_word' id='word_1_489' title='bbox 1707 4704 1896 4782; x_wconf 88' lang='lat' dir='ltr'><em>secundum</em></span> <span class='ocrx_word' id='word_1_490' title='bbox 1914 4707 2053 4784; x_wconf 89' lang='lat' dir='ltr'><em>intelli·</em></span> 
     </span>
     <span class='ocr_line' id='line_1_85' title="bbox 1293 4807 2053 4909; baseline 0.008 -29"><span class='ocrx_word' id='word_1_491' title='bbox 1293 4807 1450 4909; x_wconf 86' lang='lat' dir='ltr'><em>gentiam</em></span> <span class='ocrx_word' id='word_1_492' title='bbox 1478 4827 1574 4884; x_wconf 89' lang='lat' dir='ltr'><em>tuam</em></span> <span class='ocrx_word' id='word_1_493' title='bbox 1601 4809 1896 4909; x_wconf 88' lang='lat' dir='ltr'><em>&amp;capacitatem</em></span> <span class='ocrx_word' id='word_1_494' title='bbox 1936 4808 2053 4885; x_wconf 86' lang='lat' dir='ltr'><em>sensus</em></span> 
     </span>
     <span class='ocr_line' id='line_1_86' title="bbox 1292 4909 2100 5004; baseline 0.006 -21"><span class='ocrx_word' id='word_1_495' title='bbox 1292 4910 1345 4986; x_wconf 91' lang='lat' dir='ltr'><em>tui</em></span> <span class='ocrx_word' id='word_1_496' title='bbox 1373 4909 1536 4985; x_wconf 76' lang='lat' dir='ltr'><em>Sanbiam</em></span> <span class='ocrx_word' id='word_1_497' title='bbox 1562 4910 1805 5002; x_wconf 85' lang='lat' dir='ltr'><em>Trinitatem,</em></span> <span class='ocrx_word' id='word_1_498' title='bbox 1833 4915 1996 5004; x_wconf 86' lang='lat' dir='ltr'><em>Patrem,</em></span> <span class='ocrx_word' id='word_1_499' title='bbox 2014 4913 2052 4988; x_wconf 74' lang='grc' dir='ltr'><em>δι</em></span> <span class='ocrx_word' id='word_1_500' title='bbox 2099 4971 2100 4974; x_wconf 63' lang='lat'><em>,</em></span> 
     </span>
    </p>
   </div>
   <div class='ocr_carea' id='block_1_23' title="bbox 1293 5013 2220 5114">
    <p class='ocr_par' dir='ltr' id='par_1_24' title="bbox 1293 5013 2220 5114">
     <span class='ocr_line' id='line_1_87' title="bbox 1293 5013 2220 5114; baseline 0.008 -27"><span class='ocrx_word' id='word_1_501' title='bbox 1293 5013 1449 5105; x_wconf 80' lang='lat' dir='ltr'><em>Filium,</em></span> <span class='ocrx_word' id='word_1_502' title='bbox 1476 5015 1511 5087; x_wconf 76' lang='grc' dir='ltr'><em>δι</em></span> <span class='ocrx_word' id='word_1_503' title='bbox 1535 5013 1708 5114; x_wconf 83' lang='lat' dir='ltr'><em>Spiritum</em></span> <span class='ocrx_word' id='word_1_504' title='bbox 1733 5013 1921 5105; x_wconf 66' lang='lat' dir='ltr'><em>Samium,</em></span> <span class='ocrx_word' id='word_1_505' title='bbox 1941 5039 2052 5092; x_wconf 83' lang='lat' dir='ltr'><em>unum</em></span> <span class='ocrx_word' id='word_1_506' title='bbox 2112 5015 2115 5019; x_wconf 71' lang='grc'>’</span> <span class='ocrx_word' id='word_1_507' title='bbox 2213 5035 2220 5044; x_wconf 88' lang='grc'><strong>“</strong></span> 
     </span>
    </p>
   </div>
   <div class='ocr_carea' id='block_1_24' title="bbox 1293 5113 2052 5298">
    <p class='ocr_par' dir='ltr' id='par_1_25' title="bbox 1293 5113 2052 5298">
     <span class='ocr_line' id='line_1_88' title="bbox 1293 5113 2052 5298; baseline 0.003 -106"><span class='ocrx_word' id='word_1_508' title='bbox 1293 5119 1408 5194; x_wconf 89' lang='lat' dir='ltr'><em>Deum</em></span> <span class='ocrx_word' id='word_1_509' title='bbox 1442 5113 1751 5218; x_wconf 85' lang='lat' dir='ltr'><em>omnipotentem,</em></span> <span class='ocrx_word' id='word_1_510' title='bbox 1784 5132 1983 5298; x_wconf 71' lang='lat' dir='ltr'><em>totamqpe</em></span> <span class='ocrx_word' id='word_1_511' title='bbox 2012 5117 2052 5194; x_wconf 85' lang='lat' dir='ltr'><em>iu</em></span> 
     </span>
     <span class='ocr_line' id='line_1_89' title="bbox 1953 5243 2003 5298; baseline -0.04 0"><span class='ocrx_word' id='word_1_512' title='bbox 1953 5243 2003 5298; x_wconf 87' lang='lat' dir='ltr'><em>rs·</em></span> 
     </span>
    </p>
   </div>
   <div class='ocr_carea' id='block_1_25' title="bbox 0 0 2316 6133">
    <p class='ocr_par' dir='ltr' id='par_1_26' title="bbox 0 0 2316 6133">
     <span class='ocr_line' id='line_1_90' title="bbox 0 0 2316 6133; baseline 0 0"><span class='ocrx_word' id='word_1_513' title='bbox 0 0 2316 6133; x_wconf 95' lang='lat' dir='ltr'><em> </em></span> 
     </span>
    </p>
   </div>
  </div>
 </body>
</html>
