4626 6152
322 503 403 594 501
641 479 1155 574 DISSERTATIO
1206 476 1466 566 SEXTA.
1572 555 1574 562 ,
1733 484 1896 594 502'

262 595 375 672 titulo
401 595 607 698 insignitum
642 599 766 675 soille.
803 599 898 674 Illud
932 597 1026 674 insu·
1059 596 1216 680 Afuilse
1249 598 1408 696 regimen
1444 595 1657 687 Matthiae,-
1698 601 1881 672 omnium-¹
1909 647 1914 658 -

265 725 327 802 per
353 700 593 792 statuendum,
619 701 652 777 ei
680 701 880 777 Marchiam
905 727 1025 800 quam·
1117 727 1184 799 qne
1209 698 1455 792 fortunarum,
1492 698 1681 774 Bonifacio
1707 697 1811 776 filio.
1846 700 1882 772 1·

266 802 389 900 piam,
417 803 531 878 immo
558 831 628 878 oon
656 802 819 904 postremi
845 803 1026 893 nominis,
1118 821 1153 877 ta
1179 801 1268 876 ille:-

267 905 439 1000 paruiss'e:
485 906 569 978 haec
609 907 705 979 eninr
741 905 783 978 de
823 902 892 978 illo
931 905 1027 978 canit

268 1006 413 1080 Donizo
440 1007 476 1079 in
506 1006 813 1100 Vita'Matildis,
839 1025 1028 1105 antequam

267 1107 345 1206 ejus
369 1125 521 1182 mortem
548 1107 747 1182 describat.
887 1195 890 1200 ¹
959 1139 961 1142 ·

1169 960 1257 1028 Nam
1284 961 1382 1028 Pater
1416 953 1551 1053 ipsorum
1586 955 1722 1028 noricas
1755 955 1885 1029 benedi·

1217 1077 1270 1128 att
1296 1080 1398 1128 rorum

1169 1161 1323 1249 Personas
1335 1185 1357 1246 ,·
1389 1157 1459 1256 posi
1486 1159 1524 1253 se
1557 1159 1746 1258 praecepit,
1781 1157 1885 1255 major

318 1299 408 1326 ......
437 1257 511 1348 Post
545 1261 618 1334 haec
648 1259 833 1358 praecepit,
868 1258 1031 1356 majorne
1220 1283 1257 1332 ur
1282 1257 1353 1356 effer
1380 1261 1449 1334 &a
1667 1288 1672 1297 ’

322 1357 557 1535 Ν’Π“’ᾰ.1εἶ
619 1440 661 1538 ’Β
708 1463 715 1481 .
773 1462 780 1481 .
1120 1411 1884 1514 Atquicertumest,·10ngeanreillum

359 1485 525 1654 affimat
557 1489 595 1534 m
662 1463 817 1556 omium
850 1483 945 1562 ‘tque
970 1491 1030 1536 mo·
1122 1517 1267 1586 Annum
1297 1513 1523 1588 Bonifacium
1551 1513 1603 1590 sui
1638 1515 1726 1617 juris
1753 1513 1883 1608 inille,

486 1621 497 1656 ἱ

320 1667 386 1736 cm·
431 1664 476 1735 a,
633 1673 697 1742 pa,
764 1686 779 1738 ,
904 1667 912 1685 ·
953 1687 989 1739 m
1120 1615 1560 1734 decontracluspiniiffe,
1595 1619 1693 1736 nulli
1727 1616 1885 1736 intervo-

369 1692 597 1858 fidiigwe’
699 1693 730 1740 ν’
779 1693 839 1740 m
871 1695 952 1740 ww
990 1696 1031 1761 '’
1121 1735 1241 1791 niente
1276 1717 1489 1791 auiiorrtate
1524 1718 1677 1792 Tedaldt
1710 1741 1884 1820 genitoris

322 1871 421 1940 Servi
435 1924 447 1960 ‚
483 1872 656 1966 prudentes
693 1877 857 1962 Procrrrs,
898 1869 1034 1942 Comites
1121 1816 1173 1988 ssi
1211 1835 1389 1992 iwessns’
1425 1845 1539 1937 mum?
1565 1821 1600 1892 8<
1637 1823 1747 1938 mul⁰
1785 1828 1883 1894 MW'

1121 1945 1242 1991 crann
1277 1947 1402 1994 uum.
1439 1919 1661 1995 Clarrllimns
1688 1948 1745 1994 var
1772 1926 1885 1998 Bene·

369 1991 571 2070 pm‘rq'oe’
1122 2017 1236 2094 dinus
1272 2019 1484 2095 Bacchioius
1520 2021 1559 2096 in
1590 2022 1723 2096 Hillor.
1752 2027 1883 2098 Mona·

271 2117 309 2196 Si
336 2120 525 2196 Boniiacio
545 2149 615 2197 non
637 2123 788 2198 Nobiles
812 2121 949 2215 iollam,
976 2121 1032 2197 sed
1121 2120 1211 2195 sterii
1235 2119 1512 2196 Padolironensts
1531 2125 1695 2222 Append.
1723 2149 1799 2224 pag.
1821 2149 1881 2224 23.

271 2223 381 2297 etiarn
422 2225 560 2296 Comiter
602 2223 813 2298 fidelitatem
861 2225 1033 2324 juramen·
1120 2222 1266 2296 exhibet
1290 2221 1463 2298 Chartam
1490 2223 1695 2298 donationis
1723 2227 1883 2325 praedio·

270 2341 311 2396 to
347 2325 605 2426 promiserunt,
641 2353 724 2426 ergo
759 2327 834 2424 ejus
870 2326 1034 2400 Marchia
1122 2351 1196 2398 rum
1217 2326 1260 2398 ab
1284 2325 1408 2399 eodem
1433 2324 1600 2416 Bonisana
1623 2327 1811 2400 Manliana
1834 2325 1888 2402 fa·

273 2450 346 2498 non
374 2453 478 2499 unam
515 2427 714 2502 Civitatem
752 2429 939 2527 complexa
965 2427 1036 2517 cst,
1121 2425 1214 2498 iiam
1244 2430 1355 2498 Anno
1390 2429 1503 2498 MlV.
1539 2451 1651 2523 neque
1689 2425 1787 2502 suurn
1825 2429 1885 2504 illi

272 2527 440 2624 qnando,
477 2547 517 2603 ut
555 2529 626 2626 iam
655 2528 837 2617 vidimus,
873 2531 907 2600 δι
945 2526 1037 2602 inira
1121 2525 1323 2600 consensum
1365 2524 1510 2623 praestat
1545 2525 1747 2601 Tedaldus.
1788 2533 1885 2632 Ergo

271 2629 488 2702 luculentius
508 2627 728 2716 ostendetur,
752 2631 957 2726 plerumque
976 2637 1033 2702 Co·
1123 2625 1291 2700 nonnulis
1337 2645 1419 2700 ante
1456 2625 1571 2700 Patris
1606 2627 1746 2702 obitum
1783 2633 1886 2706 annis

270 2731 726 2804 miribascommendabatur
743 2729 962 2805 Praefectura
973 2733 1032 2804 Ci·
1123 2729 1365 2827 emancipatus
1410 2723 1523 2802 fuerat
1569 2729 1809 2826 Bonifacius,
1849 2735 1886 2806 ἃ

272 2829 450 2902 vitatum.
477 2831 933 2906 VerbmhancMarcbiam
953 2830 1035 2905 fuis·
1126 2858 1187 2922 pro
1213 2829 1275 2903 suo
1310 2828 1420 2902 libito
1457 2829 1515 2902 sua
1542 2831 1810 2924 moderabatur,
1846 2833 1889 2907 ll.

274 2928 309 3002 le
338 2932 484 3022 Tusciam
511 2933 545 3002 oc
577 2933 777 3006 Tedaldurn
810 2933 850 3006 in
884 2958 924 3005 ea
955 2936 1031 3006 Pro·
1125 2933 1269 3029 mulque
1314 2929 1531 3002 Marcbionen
1575 2931 1729 3030 agebat:
1772 2953 1813 3008 ut
1849 2936 1887 3008 δι

273 3028 397 3103 vincia
432 3030 644 3130 imperalle,
681 3053 786 3129 atque
822 3032 860 3106 in
887 3059 928 3106 ea
956 3037 1033 3107 Soc·
1124 3032 1207 3104 hinc
1232 3029 1364 3123 discas,
1399 3029 1496 3104 vivia
1532 3029 1644 3104 adbuc
1681 3035 1885 3134 parentibus

272 3129 437 3205 cessorem
464 3133 644 3231 reliquille
670 3132 811 3225 filium,
838 3137 937 3208 nulla
962 3161 1034 3208 mo·
1123 3133 1322 3205 Marciionis
1364 3131 1475 3205 titulo
1520 3129 1720 3232 infignitis,
1761 3163 1884 3214 coeunt

273 3234 444 3307 numenta
463 3232 655 3336 testantnr3
682 3236 796 3309 immo
821 3235 923 3326 sunt,
948 3263 1037 3334 quae
1123 3231 1217 3308 filios
1252 3232 1430 3318 interdum
1459 3233 1663 3307 Marrhioner
1697 3234 1796 3312 inille
1823 3265 1885 3340 ap·
1931 3317 1934 3324 ,

273 3331 370 3408 secur
396 3331 536 3410 suadere
562 3335 749 3435 videntur.
785 3341 834 3412 Et
870 3338 986 3436 primo
1013 3336 1036 3410 fi
1064 3387 1096 3456 D
1124 3337 1293 3434 pellatos.
1335 3337 1499 3410 Alteram
1536 3360 1677 3434 quoque
1712 3337 1886 3418 Chartam

273 3461 355 3510 cum
395 3437 620 3511 Florentinio
645 3439 680 3511 &
709 3439 790 3512 aliis
825 3438 1036 3532 statuimus,
1124 3435 1374 3536 subjiciendam
1412 3435 1491 3511 heic
1528 3435 1647 3530 duco,
1683 3465 1788 3538 quarn
1825 3442 1886 3516 de.

273 3539 476 3613 Tedaldurn
504 3539 752 3615 Marchionem
781 3539 823 3612 ad
860 3543 975 3639 plures
1002 3568 1032 3615 a·
1125 3535 1241 3636 scripfi
1279 3537 1372 3612 olim
1408 3563 1452 3612 ex
1489 3537 1637 3636 antiqua
1677 3565 1887 3640 pergamena

272 3638 374 3713 biirse
401 3639 545 3714 circiter
570 3642 719 3715 Annum
747 3645 875 3716 MVll.
903 3645 938 3714 bc
966 3639 1035 3716 ior·
1126 3637 1334 3714 Monallerii
1361 3637 1481 3713 §anili
1516 3638 1709 3714 Michaelis
1736 3642 1774 3717 in
1803 3649 1888 3720 fur·

274 3738 498 3811 taffisetiam
526 3738 654 3830 serius,
682 3742 876 3840 arguendus
895 3743 940 3816 est
963 3747 1046 3828 Do·¹
1122 3740 1212 3816 culis
1232 3738 1397 3830 Pistorii,
1422 3761 1463 3816 ut
1482 3738 1624 3814 Eruditi
1649 3744 1886 3842 perpendant,
1972 3795 1983 3814 .

274 3837 360 3911 nizo
380 3838 418 3909 io
439 3838 526 3911 Vita
545 3839 734 3931 Madidis,
759 3842 856 3938 quod
883 3842 1033 3933 scribat,
1104 3865 1164 4019 pan
1191 3842 1313 3917 eadem
1339 3839 1383 3916 ad
1409 3841 1504 3917 hunc
1537 3839 1653 3944 ipsum
1682 3843 1882 3950 Principem

274 3936 314 4016 in
340 3937 468 4014 limine
503 3940 631 4015 mortis
666 3941 710 4014 ab
744 3941 822 4044 ipso
855 3942 1036 4020 dimissum
1120 3941 1271 4043 spellet.

345 4181 525 4274 Donatio
553 4181 710 4304 aliquot
739 4211 923 4298 agrorum
955 4181 1057 4270 lanc
1085 4181 1110 4268 l
1139 4176 1349 4268 Bonifatio
1379 4177 1618 4273 Marchione
1646 4182 1819 4296 Jobaooi
1923 4277 1926 4284 ,

632 4303 783 4392 Abbati
813 4300 947 4392 Sardi
976 4297 1216 4415 Senatorii,
1245 4305 1369 4386 Anno
1403 4331 1528 4414 1004.

325 4555 362 4625 N
392 4553 514 4625 nomine
536 4553 648 4628 Patris
673 4555 719 4624 θ’
750 4549 836 4624 Filii
862 4551 907 4622 ῥ’
937 4551 1038 4647 spiri.
1067 4555 1096 4625 E
1129 4554 1218 4644 Rege
1241 4545 1275 4618 in
1296 4545 1397 4620 Italia
1414 4550 1516 4620 Anno
1534 4544 1663 4639 Tertio,
1680 4547 1735 4620 die
1759 4551 1885 4625 xxrrl.
1951 4631 1960 4640 ‚

275 4569 320 4752 J
348 4678 401 4729 rus
417 4655 548 4729 sanai.
573 4662 677 4728 Anno
694 4659 763 4725 Deo
781 4653 939 4751 propitius
957 4660 1039 4726 Pon·
1132 4647 1252 4733 Mrnfis
1271 4647 1484 4744 Seprnnbris,
1507 4647 1683 4721 Indil'iione
1706 4654 1779 4724 Vll.
1800 4658 1887 4725 Fon·

275 4757 416 4850 tisianus
443 4756 563 4830 Domni
583 4763 615 4848 J
615 4755 750 4829 ohannis
775 4754 893 4847 summi
928 4755 1039 4828 Panei-
1126 4771 1206 4823 tana
1231 4750 1381 4839 Tononi,
1400 4749 1558 4840 feliciter.
1584 4747 1792 4842 Pnpirenres,
1813 4776 1885 4850 pre·

269 4861 348 4954 ficis
380 4860 425 4931 θ
457 4857 651 4951 universalis
676 4862 764 4954 Papo
793 4856 828 4927 in
855 4855 1039 4952 apostolica
1118 4852 1215 4944 fiteor
1239 4877 1295 4948 ego
1319 4852 1444 4948 quidem
1470 4853 1505 4922 in
1531 4851 1596 4924 Dei
1620 4853 1744 4923 nomine
1778 4854 1887 4930 Boni·

269 4961 481 5056 saerarrffirnn
519 4965 601 5032 Sede
641 4957 726 5034 beari
763 4957 856 5028 Petri
887 4955 1038 5053 Apostoli
1126 4951 1237 5028 lacius
1255 4951 1433 5052 ,gloriosus
1451 4950 1618 5026 Marchio
1638 4974 1695 5048 per
1710 4953 1806 5046 hujus
1824 4978 1885 5052 pa.

275 5063 410 5138 Domini
435 5061 531 5150 nostri
546 5061 577 5154 J
579 5061 630 5150 esu
652 5058 772 5144 Christi
796 5063 957 5148 Secundo,
974 5058 1035 5142 sie·
1120 5056 1200 5152 gine
1221 5054 1320 5142 nostre
1338 5054 1446 5144 vocis,
1463 5053 1675 5148 provisionis,
1687 5052 1885 5150 sponsionis,

274 5189 334 5261 que
370 5185 522 5260 regnante
559 5169 683 5238 Danaae
717 5160 867 5234 Heinrice
900 5161 1056 5258 piiffima¹
1123 5155 1324 5246 denotionis,
1344 5155 1402 5248 fen
1437 5175 1527 5225 arans
1546 5151 1767 5249 perserstonis,
1792 5180 1912 5258 arque·

1191 5255 1249 5331 Ii
1303 5281 1327 5330 a
1721 5278 1835 5356 perpe·
