4628 6150
500 463 588 576 319
746 455 1188 576 ANTIQUIT.
1248 449 1506 552 MBDII
1560 461 1768 552 AB'VI'
1917 497 2005 584 520

444 582 535 655 retii
563 585 601 654 in
629 575 761 652 Charta
789 577 890 654 Anni
921 581 1044 654 Mtte.
1072 605 1203 654 memo·
1231 585 1268 658 A
1297 581 1667 682 datdum,ve1quun
1685 589 1793 686 Hugo
1812 589 1965 688 Magnus
1991 591 2017 662 Γ
2020 615 2063 663 u·

442 681 532 755 rati.
556 685 748 776 Quumque
767 681 797 754 ie
821 681 859 754 in
885 679 981 756 vivis
998 679 1106 756 fuerit
1131 686 1204 755 An·
1296 683 1406 760 fciant
1430 685 1545 760 Ducit
1567 689 1605 760 ὃ(
1633 689 1859 763 Marthionia
1893 689 2063 788 potestate

419 809 491 856 =no
517 785 767 858 MLXlllllV.
792 781 983 862 censendus
1013 784 1086 858 erit
1109 781 1209 858 filiae
1294 789 1439 888 regebat
1463 788 1588 886 (rexit
1619 811 1740 864 autem
1774 789 1818 864 ad
1842 795 1990 864 Annum
2019 817 2058 864 u·

445 886 628 978 Uguttianis
652 885 753 958 Datis
787 886 835 955 o·
860 884 1085 974 Matthiaair,
1108 887 1211 985 eujus
1295 887 1377 986 fque
1400 895 1477 966 M1.
1492 893 1509 990 l
1526 889 1701 990 insignia,
1719 891 1937 990 titulumque
1960 897 2058 964 Μιν.

440 984 663 1060 mentionem
687 984 847 1060 vidimus
870 984 911 1059 in
938 986 1081 1060 Placito
1104 988 1208 1062 Anni
1294 991 1412 1063 thierda
1435 1019 1495 1090 pet
1517 1019 1630 1066 annos
1651 995 1850 1090 complures
1873 993 2060 1068 detullffe.

441 1086 761 1164 MLlX.Cuinam
780 1091 866 1162 vero
877 1087 1048 1162 Marthae
1065 1089 1206 1190 iaptae·
1295 1096 1344 1164 Et
1367 1093 1413 1166 ad
1436 1119 1519 1166 eum
1543 1093 1687 1190 quidem
1714 1099 1864 1168 Annum
1889 1097 1969 1168 Ml..
1982 1092 2058 1192 spe·

441 1187 575 1278 fuerit,
599 1189 769 1290 ignotum
794 1187 888 1262 mihi
912 1186 1053 1264 fateor.
1293 1191 1371 1266 flat
1393 1195 1514 1268 nobile
1544 1195 1718 1268 Placitum
1749 1195 1794 1270 ab
1819 1197 1946 1270 eodem
1973 1199 2060 1266 Τεκ-

494 1291 750 1390 Regrediamur
786 1317 884 1364 nunc
919 1290 963 1364 ad
1003 1292 1205 1383 Bonifatium
1292 1295 1393 1365 dalda
1416 1297 1622 1378 Manliana,
1649 1299 1772 1369 Comire
1797 1295 1975 1394 Regiensr,
1994 1297 2060 1372 ha.

441 1395 663 1464 Matthtantm
695 1391 865 1466 Matildir
897 1392 1111 1466 Comitiffae
1142 1397 1200 1467 Pa·
1294 1397 1409 1469 bitum
1432 1395 1474 1468 in
1495 1397 1605 1488 Callae
1627 1398 1752 1495 Carpi,
1774 1399 1874 1498 quod.
1893 1397 2054 1492 archety-

442 1511 556 1566 tnm.
593 1497 702 1568 Hune
729 1492 873 1568 circiter
899 1497 1049 1566 Annum
1072 1493 1202 1569 Christi
1236 1511 1265 1582 Β
1293 1523 1376 1591 pum
1411 1495 1552 1572 servant
1585 1498 1628 1572 in
1661 1496 1724 1573 fuo
1747 1499 2059 1598 chartophylacio

437 1597 674 1670 Mxxxvrl.
683 1593 858 1696 regimine
872 1597 1040 1668 Matthiae
1053 1597 1205 1688 Etruscae
1293 1599 1465 1672 Monachi
1489 1599 1713 1675 Benediflini
1734 1601 1942 1702 Regienfes,
1961 1602 2054 1676 olin

437 1695 634 1783 donatum,
658 1695 739 1774 sunt
766 1695 1028 1794 quiefferunt.
1054 1701 1137 1797 Ego
1158 1725 1201 1773 en
1291 1697 1411 1774 Sanfli
1441 1699 1628 1800 Prosperi,
1649 1727 1749 1776 nunt.-
1778 1702 1897 1777 sanni
1936 1701 2055 1778 Petri.

438 1797 575 1874 Charta
597 1797 751 1872 Atcltivi
776 1795 922 1896 Ellenlis
943 1797 1200 1891 animadverti,
1293 1799 1389 1874 Illud
1421 1802 1518 1876 dabo
1547 1801 1643 1878 infra-
1674 1805 1718 1878 in
1742 1805 1922 1879 Dillertat.
1950 1807 2054 1878 Vlll.

436 1897 554 1990 ipfum
590 1903 702 1974 Anno
735 1903 949 1990 Mrtxxtv.
977 1901 1050 1998 jam
1083 1907 1205 1974 Ducem
1289 1904 1334 1971 dt
1357 1905 1557 1978 Corniribur.
1582 1909 1705 1979 Immo
1734 1909 1936 1980 Aatlbertar
1963 1914 2055 1979 Atta

437 2000 1199 2099 Tusciaeappellatum.RursuseidemMar-
1290 2003 1445 2079 Ted'aldi.
1479 2024 1600 2104 pater,
1626 2007 1682 2081 uti
1715 2011 1875 2082 Chartae
1898 2025 2056 2105 quatum

440 2101 544 2174 chiae
577 2100 761 2200 praefulffe
793 2101 897 2176 illius
929 2122 1110 2200 patentem
1141 2111 1199 2173 Te·
1290 2107 1312 2176 a
1346 2105 1494 2180 Clarifs„
1524 2105 1719 2182 Bacchinio
1752 2111 1943 2206 evulgatae
1973 2135 2052 2206 pto·

436 2203 595 2290 daldun„
620 2219 729 2300 atque
753 2199 793 2273 in
819 2202 938 2276 eadem
968 2203 1201 2302 Buccell'orem
1278 2206 1545 2304 'dunt,‚ar,ttea
1577 2208 1781 2306 lvidditet'
1806 2209 1882 2282 fula
1913 2215 2056 2283 Ottone

438 2302 485 2376 ab
497 2301 575 2402 ipso
588 2299 804 2403 defignatum
820 2303 1046 2378 Bonifatium
1061 2301 1199 2394 filium,
1291 2305 1434 2398 Primo,
1451 2327 1518 2386 aut
1538 2305 1664 2384 saltem
1681 2305 1742 2382 sub
1761 2307 1934 2406 secundo)
1952 2315 2051 2380 Mar·

437 2423 480 2478 ut
504 2404 543 2480 id
569 2424 753 2504 repetam,
777 2405 1006 2480 Recentiorea
1040 2428 1193 2482 autuma·
1221 2423 1259 2496 c
1288 2409 1404 2480 chionis
1422 2409 1601 2508 dignitate
1616 2437 1656 2484 ac
1675 2411 1915 2512 appellatione
1932 2407 2054 2484 follit.

437 2523 543 2580 runt.
569 2510 705 2582 Verlrm
740 2506 828 2580 ltaec
851 2533 924 2580 non
949 2503 1064 2581 follrni·
1088 2509 1223 2584 inter-⁴
1289 2515 1384 2584 Eum·
1408 2509 1647 2586 Mabillonius
1673 2511 1713 2585 in
1740 2511 1916 2584 annalib.
1939 2513 2050 2584 Bene.

438 2625 499 2697 ta,
533 2605 591 2680 fed
626 2611 729 2704 plane
764 2608 985 2704 explodenda
1018 2609 1111 2684 mihi
1146 2603 1224 2685 tri·¹
1288 2611 1471 2686 dietinad
1490 2617 1636 2688 Annum
1656 2607 2050 2688 MLXXllllAEaittien·

436 2709 590 2782 dentur.
625 2706 858 2800 Apertiffime
888 2709 1002 2791 tradit
1036 2711 1198 2802 Durriae,
1277 2713 1350 2803 'fem
1378 2716 1595 2794 Marabiantm
1628 2718 1807 2816 appella.-
1839 2714 1908 2790 Sed-
1939 2711 2056 2788 nullia

437 2806 615 2882 dimilfam
640 2812 661 2884 l
686 2809 850 2884 Tedaldo
885 2813 1073 2884 Martialem¹
1095 2809 1200 2915 fi1i0;
1292 2816 1447 2902 tabulis,
1461 2817 1498 2890 tt
1517 2832 1717 2916 perperam,
1733 2837 1773 2892 ut
1790 2815 1937 2918 opinor.
1959 2815 2051 2890 Nul-

356 2983 358 2988 .
436 2909 610 3016 simulque
635 2911 720 2988 fatis
741 2937 785 2986 ex
813 2909 892 3010 ipfo
912 2913 1106 3008 discimus,
1127 2943 1200 2996 non
1291 2922 1346 2991 lus
1371 2945 1454 3006 etto
1479 2915 1706 3019 excogitandi
1742 2921 1865 3008 lotus,
1891 2915 1986 2991 Patri
2013 2917 2052 2988 de

436 3011 665 3090 imminutam
691 3013 766 3112 post
784 3011 935 3090 ‘'f'tdaldi
961 3036 1115 3094 mortem
1136 3045 1194 3120 po·
1291 3021 1374 3094 Avo
1401 3019 1578 3094 Bonifatii
1604 3021 1735 3113 Tusciae
1758 3017 1920 3118 tegimen
1941 3019 2049 3092 colla·

435 3116 586 3190 tentiam
614 3116 685 3192 filii
709 3115 906 3191 Bonifatii.
937 3123 1118 3199 Praeterea
1141 3148 1196 3219 pa·
1279 3119 1366 3195 ‘tum
1394 3121 1554 3195 tribuiffe
1579 3120 1726 3194 titulum
1758 3123 1980 3193 Marthirnir..
2003 3123 2056 3192 Et

435 3217 509 3290 lam
536 3215 669 3317 faflum
694 3217 761 3308 est,
789 3220 849 3290 vel
876 3219 917 3291 in
942 3221 1040 3295 vivii
1073 3241 1198 3318 agente
1290 3219 1494 3296 ftTufciae
1517 3248 1739 3319 nequaquam
1759 3221 1979 3321 praefuerunt
2006 3219 2050 3292 il·

438 3321 564 3403 Patte,
600 3319 668 3394 hoc
703 3319 753 3394 est
785 3322 896 3392 Anno
929 3320 1054 3397 saltem
1089 3327 1200 3396 ΜΝ.
1226 3354 1262 3424 D
1286 3321 1444 3412 li,terte
1460 3317 1646 3394 Bonifatio
1662 3321 1740 3394 filio
1754 3349 1828 3394 eam
1848 3321 2053 3393 Matthiam

435 3418 499 3518 ipll
527 3419 718 3496 Bonifatio
742 3418 891 3497 titulum
918 3425 1118 3496 Martbitnir
1139 3425 1195 3498 ad·
1289 3419 1469 3496 Tedaldua
1479 3418 1635 3494 moriens
1644 3445 1717 3490 non
1731 3419 2052 3515 dimiserinquan.

436 3521 594 3620 haefrll'e.
618 3528 909 3616 Quumtetdex
935 3518 1221 3614 bafienuspro²
1287 3522 1335 3594 do
1369 3547 1414 3592 ne
1448 3516 1526 3617 ipfe
1557 3517 1727 3616 quidem,
1751 3517 1897 3616 eiusque
1929 3537 2055 3618 pater,

436 3623 553 3698 danis
574 3645 698 3699 contra
718 3643 858 3716 pateat,
878 3625 1105 3696 Provinciam
1123 3627 1195 3696 Tu·
1286 3620 1403 3696 eidem
1424 3619 1634 3694 Provinciae
1657 3617 1828 3694 Praefefli
1848 3636 1954 3695 antea
1974 3618 2048 3694 fue·

436 3721 529 3797 stiae
564 3722 647 3795 aliis
682 3720 956 3794 Marthionibus
981 3724 1023 3795 ad
1050 3728 1199 3797 Annum
1286 3741 1385 3796 tant.
1403 3721 1470 3795 Sed
1492 3720 1635 3819 quando
1651 3721 1786 3814 Tusciae
1803 3747 1880 3796 uon
1897 3720 2052 3820 praefuit

436 3819 546 3920 usque
569 3823 787 3898 Mxxxw.
813 3845 886 3894 noo
911 3840 1029 3896 autem
1057 3825 1196 3914 Bonifa-
1274 3822 1516 3912 '‘Theodaldus
1529 3821 1588 3896 feu
1600 3821 1955 3914 Tedaldus,tuinam
1966 3827 2053 3898 Pro·

435 3923 684 4100 limpidii
698 3921 1197 4103 „limariiidiiiiaiii'ii'
1285 3921 2050 4124 l¹tli³²‘.l¹ltl{⁰¹‡{llilltllll‘ltf

660 4081 672 4116 5
1184 4075 1195 4090 ⁸
1387 4081 1399 4116 9
1967 4084 1970 4090 ’

435 4145 491 4202 tra
516 4126 685 4203 Tusciam
718 4126 789 4202 effe
822 4127 1079 4224 quaerendam,
1110 4157 1199 4230 quae

434 4228 717 4303 Marthionalem
756 4229 904 4303 titulum
939 4249 1049 4328 atque
1078 4233 1194 4306 audio·

435 4331 579 4406 ritatem
617 4328 806 4404 Bonifatio
830 4357 902 4404 non
938 4333 1070 4404 minue
1091 4361 1197 4432 quarn

431 4435 504 4532 ejus
533 4430 626 4530 patri
660 4429 822 4504 'ledaldo
857 4431 1045 4506 attulerit?
1072 4438 1196 4536 quue

432 4534 547 4622 mania
580 4529 675 4631 quod
701 4557 745 4604 ex
783 4530 934 4608 minime
967 4533 1087 4610 dubiis
1120 4563 1194 4611 mo·

1284 4127 1419 4202 adferte
1438 4126 1540 4227 poffit
1560 4129 1694 4202 Charta
1717 4132 1879 4224 evulgata
1900 4129 1919 4198 l
1940 4129 2048 4200 Carn-

1224 4255 1254 4322 ῑ
1285 4223 1349 4324 pio
1369 4234 1481 4303 Toni.
1498 4234 1527 4302 Ι.
1550 4257 1631 4328 pag.
1651 4253 1737 4325 493.
1763 4227 1897 4302 Hilior.
1915 4225 2049 4302 Ecclel'.

1287 4335 1482 4406 Placentia.
1517 4357 1563 4404 ert
1590 4331 1756 4404 Archivo
1780 4327 2048 4404 canonicorum

1287 4433 1594 4507 Placentinorum:
1617 4455 1709 4530 quae
1725 4430 1809 4528 quia
1828 4429 1871 4502 ad
1888 4457 1964 4504 rem
1984 4457 2048 4506 no·

1285 4535 1386 4608 liram
1413 4532 1568 4632 fprf'tare
1600 4531 1696 4630 poffe
1722 4531 1884 4626 videtur,
1911 4531 2046 4608 heiti·

432 4635 614 4716 numeutlr
650 4653 871 4734 compertum
906 4635 1096 4731 habemur,
1124 4627 1216 4716 'se-l
1264 4639 1402 4742 lterum
1428 4635 1475 4711 efl
1500 4632 1726 4738 proferenda.
