4626 6152
335 469 417 576 3⁶9
605 445 1545 565 otssttraroouutncta
1740 481 1825 564 mo

270 593 341 668 ret,
366 575 449 669 vasa
471 571 694 673 proprias&
718 570 839 661 vestes,
865 569 982 666 quibus
999 593 1035 638 u·
1062 575 1162 646 Am
1186 567 1322 638 Domini
1347 571 1539 640 MCCVHI.
1567 569 1616 638 Er
1641 567 1807 641 collocavit
1843 567 1886 639 il.

272 681 420 770 sebatur,
447 677 634 775 quibusdam
659 675 879 772 largiebatur,
906 671 1037 743 dicente
1123 671 1182 740 lud
1207 669 1242 738 in
1268 668 1479 761 Conseffione,
1507 693 1600 765 quam
1627 669 1670 738 &
1695 698 1764 743 cum
1789 671 1887 745 titulo

274 777 312 854 Si
339 779 422 856 effet
448 777 541 853 mihi
568 776 660 877 posse
694 793 835 850 tantum
870 770 913 847 tle
949 770 1037 848 meis
1123 771 1252 868 desuper
1287 767 1351 866 ipit
1377 769 1567 842 Cardinalis
1597 768 1715 862 secerm
1742 774 1823 866 fieri
1847 778 1887 850 de
1969 783 1985 800 “

274 879 451 982 largiendi
493 876 708 984 (prudentes
743 876 816 952 visi
851 873 967 950 veluti
1002 902 1034 949 e·
1119 873 1176 964 suo
1197 874 1325 970 proprio
1349 869 1459 963 sumtu
1485 870 1575 962 infra
1601 900 1717 944 navem
1743 877 1887 971 Majmir

272 983 383 1084 Μὴ)
412 1007 477 1082 ego
506 1006 568 1054 vos
587 977 776 1054 ditiffimos
796 975 968 1053 facerem.
989 981 1037 1048 Et
1114 973 1297 1076 'Ecclefian
1317 978 1426 1067 Quam
1444 971 1667 1065 Confeffionem
1684 975 1787 1072 postea
1807 1005 1887 1051 com·
1986 1047 1989 1054 ,

274 1088 349 1160 haec
377 1079 560 1175 incessanter
585 1082 848 1170 machinabatur,
874 1101 911 1151 ut
937 1105 1039 1150 omnes
1123 1077 1214 1174 pleri¹
1231 1075 1312 1166 fecit
1337 1075 1601 1172 Archiepiscopus
1625 1083 1658 1168 J
1659 1080 1796 1150 ohannes
1823 1088 1890 1154 Ca.

275 1189 321 1262 al
340 1184 376 1278 se
401 1185 543 1256 militum
565 1185 748 1256 voluntates
782 1183 940 1253 traheret.
976 1186 1039 1250 Pro
1121 1200 1266 1280 puanus.

275 1289 390 1388 quihus
414 1285 512 1358 etiam
539 1283 582 1355 ire
607 1287 653 1356 ad
682 1289 899 1380 Imperatorem
932 1281 1036 1376 dispo·
1311 1282 1345 1354 C
1380 1280 1417 1354 A
1454 1283 1493 1352 Ρ.
1563 1281 1707 1355 XLV.

273 1390 370 1482 suit,
397 1391 523 1484 loquens
547 1407 584 1456 nt
612 1385 674 1476 sua
707 1383 797 1482 quasi
831 1383 937 1456 omnia
971 1383 1039 1453 illis
1175 1385 1223 1454 Et
1252 1380 1313 1470 suh
1348 1407 1381 1450 eo
1417 1403 1551 1477 tempore
1595 1386 1748 1478 quaedam
1792 1390 1891 1461 navis

277 1498 454 1562 donaturus
486 1485 706 1579 transmittat.
743 1487 812 1579 Qui
845 1493 923 1555 dum
956 1490 1037 1555 Con·
1065 1506 1094 1576 Β
1126 1491 1339 1555 Romanorum
1370 1479 1461 1578 paffa
1486 1483 1529 1568 est
1555 1484 1761 1582 naufragium
1787 1489 1820 1560 in
1848 1492 1892 1561 li.

269 1590 514 1687 slantinopolim
535 1584 739 1686 prcceffiffet,
766 1587 964 1684 quoscumque
985 1607 1040 1682 po-
1123 1606 1188 1654 tore
1213 1584 1376 1654 Civitatis
1400 1583 1658 1680 Amalphitanae
1686 1587 1788 1682 juxta
1823 1597 1892 1664 Du·

279 1695 345 1764 snit
363 1693 468 1784 lecum
501 1691 618 1762 duxit.
655 1695 702 1760 Et
729 1687 835 1773 stmili
870 1690 959 1759 modo
993 1714 1041 1757 eos
1123 1711 1246 1783 ganam
1269 1684 1449 1772 vetustam.

279 1795 372 1868 olonis
398 1795 442 1862 (9⁴
465 1792 712 1887 promiffionihns
729 1790 796 1875 sthi
815 1789 948 1878 allexit,
966 1790 1042 1881 sub·
1296 1791 1328 1860 C
1364 1791 1400 1860 A
1438 1791 1476 1860 P.
1545 1792 1676 1863 XLV
1694 1793 1722 1866 Ι.

280 1895 410 1965 trahens
435 1896 557 1966 animos
582 1919 685 1962 eorum
710 1895 753 1964 ab
778 1891 978 1987 Imperatoris
1007 1920 1039 1963 a·
1175 1893 1223 1959 Et
1249 1890 1388 1985 quinque
1415 1889 1512 1960 annio
1538 1892 1573 1961 in
1600 1893 1741 1978 Ecclefia
1766 1901 1894 1971 Amal.

280 2022 380 2067 more.
416 1994 486 2088 Qui
512 1996 547 2065 in
574 1994 636 2065 illa
662 1993 849 2084 infelicitate
875 2017 1042 2089 numquam
1121 1991 1261 2085 phitona
1297 1993 1340 2060 Θ
1368 1991 1523 2063 'Ciuitate
1558 1990 1626 2083 ejus
1657 1995 1793 2090 positum
1822 2000 1894 2091 fuit
1925 1982 1930 1992 Ι

275 2097 384 2194 potuit
415 2091 474 2188 effe
502 2094 655 2186 securus.
697 2095 838 2166 Alexim
871 2100 945 2162 vero
981 2094 1044 2190 ipse
1126 2089 1356 2163 Interdillum.
1391 2091 1464 2176 PoJl
1497 2093 1635 2189 quinque
1668 2125 1768 2167 annos
1792 2103 1894 2196 Capi.

277 2198 440 2294 postquam
453 2196 548 2266 venit
562 2199 605 2266 ael
620 2199 837 2289 Imperatorem
845 2221 866 2281 ,·
881 2214 1043 2291 tamqnam
1124 2193 1227 2263 tulum
1250 2194 1357 2288 plnres
1383 2192 1540 2277 Ecclefiae
1561 2190 1752 2290 posseffiones
1774 2203 1895 2274 vendi·
1927 2283 1930 2292 Ι

273 2293 389 2391 fidelis
412 2301 491 2369 Dun
515 2299 560 2369 ael
580 2297 772 2384 Dominum,
793 2315 829 2365 ut
846 2322 915 2365 eum
942 2297 1044 2392 magis
1122 2295 1194 2366 dic.
1222 2299 1271 2364 Et
1297 2295 1467 2364 redemtum
1486 2294 1557 2387 fuit
1583 2299 1791 2371 interdillum
1809 2306 1894 2373 Cen.

275 2401 420 2493 securum
446 2399 608 2487 redderet,
641 2395 825 2492 simpliciter
859 2396 901 2482 ejl
936 2397 1042 2492 loquu·
1071 2432 1112 2503 C
1127 2419 1195 2466 tuns
1223 2393 1353 2467 Unciis.

282 2523 358 2576 tur.
395 2503 460 2570 snt
493 2497 583 2596 quali
616 2501 656 2569 de
676 2498 711 2592 se
733 2499 877 2587 timens,
914 2500 1047 2568 natine
1299 2499 1332 2568 C
1360 2499 1395 2568 A
1424 2499 1462 2569 Ρ.
1527 2502 1716 2577 XLVII.

282 2601 517 2696 Conslantipoli
552 2600 671 2698 sugit,
712 2599 756 2669 θ’
794 2600 840 2670 ad
882 2602 1048 2671 exercitum
1181 2595 1244 2668 Hit
1269 2598 1532 2696 Archiepiseoput
1559 2608 1749 2678 Matthaeus
1772 2610 1813 2680 de
1837 2615 1894 2684 A·

281 2705 489 2799 properavit,
517 2703 562 2772 ll?
586 2699 725 2793 reversus
750 2699 794 2786 ell
819 2701 950 2771 dicens:
980 2705 1046 2774 Im·
1127 2698 1214 2770 lanio
1241 2699 1307 2770 ivit
1333 2707 1469 2771 Romam
1495 2705 1539 2775 ad
1565 2707 1741 2778 Concilium
1760 2737 1892 2806 genera-
2042 2747 2057 2764 =

287 2819 447 2900 perator,
475 2819 657 2899 propterea
681 2801 775 2898 quod
796 2801 904 2873 vestra
923 2799 1046 2900 stipen-
1127 2802 1178 2888 le,
1205 2802 1288 2895 quael
1313 2801 1483 2872 celebravit
1510 2807 1666 2875 Dominus
1693 2814 1891 2884 Innocentius

287 2901 345 2974 dio
372 2899 558 2999 efflagito,
586 2899 678 2973 mihi
706 2903 785 2974 vult
811 2920 963 2974 mortem
990 2902 1046 2977 da·
1130 2908 1221 2996 Papa
1248 2905 1309 2972 lii.
1337 2910 1438 2988 Anno
1473 2906 1606 2974 Domini
1643 2912 1816 2982 MCCXV.
1853 2917 1894 2984 In

286 3029 324 3076 η
333 3052 509 3076 ,,,,,,,,,
537 3001 590 3098 (a)
601 3053 754 3074 ........
1129 3024 1188 3097 quo
1213 3001 1351 3072 Concilio
1385 3001 1508 3072 dillus·
1525 3011 1669 3077 Domnus
1703 3012 1893 3083 Matthaeus

467 3105 500 3175 C
538 3106 571 3174 A
611 3105 647 3174 Ρ.
720 3104 873 3176 XLII.
1130 3101 1392 3197 Archieszcopus
1425 3101 1605 3201 compreffus
1622 3179 1623 3182 ,
1634 3106 1702 3195 suit
1736 3114 1758 3179 h
1792 3114 1895 3184 nimiu
1974 3117 1975 3122 ’

337 3211 453 3277 Petrus
477 3205 517 3274 ele
541 3205 672 3275 Alema
698 3203 959 3300 Archiepiscopus
988 3211 1046 3278 Ec·
1128 3199 1267 3298 preffuru
1291 3204 1408 3297 Populi
1443 3204 1478 3274 iu
1513 3208 1587 3293 ostio
1622 3212 1714 3280 Eccle
1727 3237 1777 3283 sae
1810 3220 1899 3285 San·

287 3305 410 3390 cleliam
435 3304 708 3400 Amalphitanam
732 3306 920 3376 dedicavit.
948 3307 1052 3401 Ipsum
1075 3342 1107 3409 D
1134 3304 1178 3373 lli
1194 3310 1225 3395 J
1227 3303 1360 3374 ohannis
1382 3308 1626 3400 Lateranensts,
1646 3312 1703 3381 uhi
1723 3315 1898 3386 Concilium

286 3408 454 3479 Palatium
491 3406 524 3475 in
562 3404 658 3492 nostro
684 3405 965 3501 Archiepiscopatu
994 3410 1047 3499 sa·
1128 3406 1363 3496 celebrabatur,
1399 3406 1444 3475 (9·
1478 3435 1516 3478 ere
1551 3410 1612 3482 illa
1642 3409 1783 3508 preffura
1815 3443 1897 3488 neor.

288 3508 446 3580 lricavit.
475 3507 591 3578 Vincas
617 3531 734 3602 quoque
761 3507 804 3574 (9⁶
829 3507 931 3576 hortos
954 3509 1047 3604 pasti·
1134 3527 1206 3577 tuus
1227 3505 1316 3595 suit.

287 3609 403 3680 navit.
439 3609 547 3681 Etim
577 3613 747 3680 Transouto
773 3607 875 3677 multa
902 3608 1049 3697 inserteta
1287 3609 1319 3680 C
1346 3609 1382 3680 A
1411 3611 1449 3681 P.
1503 3614 1580 3686 XL
1599 3616 1744 3689 VIII.

288 3715 515 3794 Callanearum
542 3709 767 3796 inlrrculavic.
795 3710 858 3781 Hic
878 3709 965 3800 [edit
978 3719 1049 3805 plu·
1182 3712 1232 3780 Et
1250 3707 1388 3803 succeffit
1414 3712 1448 3780 in
1473 3715 1751 3811 Archiepiseopatu
1774 3720 1898 3794 Amal.

286 3807 403 3903 squam
428 3832 527 3878 annos
555 3811 663 3878 XXII.
1131 3810 1229 3905 phiae
1257 3815 1402 3881 Domnus
1425 3817 1457 3902 J
1459 3811 1596 3885 ohannes
1629 3819 1807 3891 Canorricus
1840 3826 1899 3894 A.

462 3909 496 3980 C
523 3908 559 3977 A
588 3908 625 3977 Ρ.
694 3909 883 3981 XLIII.
1135 3909 1312 4004 melphiae,
1339 3910 1439 4000 filins
1473 3917 1609 3986 Domini
1633 3920 1801 4007 johannis
1833 3930 1900 3995 Ca·

341 4011 393 4079 Eo
410 4013 484 4078 verri
503 4005 648 4094 Manlio
667 4007 779 4077 iterum
802 4012 915 4080 Clarus
934 4011 977 4080 Θ
996 4018 1055 4084 Ρο-
1133 4009 1266 4106 puani,
1301 4011 1358 4106 qui
1390 4011 1462 4100 suit
1493 4014 1599 4102 frater
1632 4021 1768 4090 Domirm
1806 4024 1898 4096 Petri

287 4110 385 4208 pulns
395 4103 475 4200 fieri
488 4108 629 4198 [metunt
638 4109 821 4198 johannem
843 4111 1058 4206 Archiepisco·
1136 4111 1326 4183 Cardinalr's
1363 4111 1501 4182 Sanciae
1540 4123 1705 4191 Romanae
1744 4123 1902 4209 Ecclesiae

287 4231 365 4307 pum
379 4232 573 4306 cognomento
585 4215 786 4304 Sparanuon.
803 4212 873 4305 ‚Qui
881 4211 951 4302 suit
965 4234 1052 4301 prae·
1065 4233 1110 4316 3E
1139 4237 1206 4283 cum
1233 4210 1327 4283 titulo
1339 4293 1341 4298 ¹
1352 4212 1467 4283 Sanlli
1492 4218 1669 4291 Marcelli.

290 4312 396 4381 clarus
422 4311 455 4381 in
474 4311 636 4383 omnibns.
658 4310 721 4382 Hic
738 4311 817 4396 (relic
843 4339 941 4384 annos
962 4316 1052 4387 VIII.
1316 4315 1350 4388 C
1376 4315 1412 4386 A
1442 4316 1478 4385 P.
1546 4320 1719 4397 XLIX.

290 4437 360 4486 eum
384 4411 547 4501 dimidio,
574 4438 669 4505 quum
697 4407 768 4504 efflet
797 4416 930 4485 Mcxc
933 4420 964 4485 V
964 4418 988 4486 l.
1012 4418 1055 4487 ab
1191 4416 1334 4487 Domnus
1384 4415 1555 4512 Philippus
1605 4423 1900 4520 Augustariccius,

293 4510 512 4586 incarnatione
540 4512 674 4584 Domini
696 4513 791 4599 nostri
807 4520 838 4605 J
839 4514 890 4603 esu
917 4515 1069 4604 Christi.‘
1140 4516 1272 4610 Praesul
1298 4526 1342 4586 Θ·
1367 4517 1475 4588 Civis*
1496 4522 1695 4617 Amalpbiae
1724 4527 1801 4616 feeit
1829 4528 1902 4622 suis

450 4614 502 4686 .C
529 4616 566 4685 A
594 4618 632 4686 Ρ.
701 4617 874 4690 xle.
1141 4616 1279 4716 expensts
1304 4622 1501 4714 Campanam
1528 4647 1698 4717 magnam,
1724 4629 1769 4698 (θ’
1786 4656 1904 4702 nouum

340 4712 498 4786 Dominus
524 4720 638 4785 Petrus
663 4721 838 4808 Capuanus
862 4719 1050 4790 Cardinalis
1138 4748 1175 4794 ec
1205 4718 1448 4814 pulcherrimum
1481 4726 1671 4816 Campanile
1704 4734 1808 4800 Anno
1832 4732 1901 4805 Do·

285 4818 434 4913 portavit
458 4820 579 4912 Corpus
603 4815 718 4888 tanus·
742 4820 897 4891 Andreae
914 4819 1047 4914 Apollo·
1140 4821 1222 4894 mini
1260 4823 1515 4894 Mcctxxul.
1550 4826 1641 4896 Fecit
1680 4825 1776 4901 etiam
1818 4829 1903 4908 idem

288 4919 323 5024 li¹
341 4927 380 4989 de
398 4915 669 5014 Constantinopoli
687 4917 722 4989 in
740 4919 956 5015 Amalphiam
973 4929 1047 4994 An·
1133 4920 1212 5015 fieri
1238 4924 1409 5016 Mythram
1435 4946 1587 4998 auream.
1668 4945 1672 4952 ’

396 5023 488 5091 Tem.
517 5022 545 5092 l.
1256 5028 1294 5097 Α
1320 5050 1341 5097 t
1721 5034 1852 5113 CAP.

289 5156 342 5236 (a)
365 5152 719 5326 Iqinniteonqegeriiegrqpatht
733 5161 767 5228 in
788 5158 850 5230 fine
876 5159 966 5242 hujus
994 5162 1164 5250 Capituli.
1192 5161 1317 5232 Desunt
1343 5161 1379 5230 δι
1406 5160 1635 5252 quamplurimo
1663 5169 1726 5238 alit
1749 5175 1903 5261 Capitol·
