4532 6154
449 461 541 553 ru
760 425 1151 548 Anrroosr.
1199 425 1639 518 nsotrarrt
1860 442 1951 546 71⁶:

383 551 429 645 sa
447 557 520 646 sam
552 575 609 648 egr
635 545 705 650 ipsa
738 547 888 622 Mariiria
923 543 1088 644 Camirrfla
1120 573 1160 620 aa
1186 548 1347 646 Aliquo
1366 571 1446 622 cum
1471 547 1581 622 titulo
1599 545 1733 620 Comitis
1753 543 1931 636 donatus,
1948 565 2011 622 tui

393 655 534 728 Neriene
568 679 636 724 mea
670 655 756 746 Lege
787 649 902 722 uivere
933 651 1154 746 langobardo
1245 652 1299 754 jur
1325 649 1420 724 ditio
1444 647 1485 724 in
1517 675 1605 750 agro
1630 647 1687 723 seu
1722 646 1915 722 Comitatu
1942 651 2019 724 Ur·

393 779 485 845 ram,
505 753 566 846 sed
589 777 672 824 aare
702 771 761 848 pro
787 749 852 848 ipse
880 751 954 822 Viro
981 777 1048 822 mea
1073 759 1160 848 Lege
1245 755 1298 826 bis
1324 749 1386 824 lita
1409 749 1521 826 foret.
1548 755 1603 824 lta
1630 751 1669 824 io
1695 747 1832 824 Charta
1860 749 1947 849 apud
1974 777 2017 825 a.

391 855 506 926 vivere
538 851 817 928 Alamannorum·
855 851 1051 930 Nationem
1079 851 1159 928 heic
1246 853 1378 928 micum
1398 879 1517 928 meum
1539 850 1666 952 Joseplt
1689 854 1905 924 Antenorem
1929 855 2013 926 Sca·

394 954 500 1028 habes
535 953 703 1056 Hugonit
737 953 898 1030 Comitis
928 957 1158 1030 Sablonetae:
1246 953 1462 1046 Inbrinium,
1478 953 1576 1046 saepe
1594 951 1687 1027 milti
1706 949 1889 1025 laudatam
1902 1007 1913 1044 ,
1927 951 2011 1028 scri.

395 1053 501 1130 haber
526 1056 562 1130 dt
589 1073 750 1130 veterum
785 1055 974 1132 Comitum
1005 1055 1160 1130 Tarvifi·
1247 1075 1307 1154 pta
1343 1059 1454 1130 Anno
1488 1057 1632 1130 Maxi.
1669 1051 1827 1132 occurrit
1865 1055 2008 1128 Gararde

396 1181 543 1232 norum.
580 1159 629 1232 Et
652 1157 824 1258 quoniam
840 1157 1065 1254 ‘stegtaataar
1098 1155 1162 1231 ille
1272 1159 1337 1230 iias
1364 1158 1485 1232 Domai
1510 1157 1657 1230 Garardo
1682 1155 1843 1254 quandam
1876 1159 2015 1227 Meran·

396 1257 604 1334 inscribitur
625 1265 735 1332 Comes
754 1261 796 1332 de
815 1265 981 1332 Camerata
1003 1257 1163 1350 Trioilir',
1228 1263 1309 1350 aa,
1335 1260 1391 1356 qai
1411 1259 1481 1350 fair
1498 1257 1595 1350 filias
1618 1261 1697 1332 tone
1722 1255 1867 1328 menmrie
1893 1257 2017 1328 Durani

398 1385 493 1435 nunc
512 1359 628 1434 aditus
647 1361 739 1436 mihi
758 1361 916 1460 aperitur
930 1357 972 1434 ad
992 1385 1064 1434 non
1080 1387 1162 1434 con·
1248 1361 1390 1432 Garardi
1413 1360 1550 1432 Comitis
1572 1363 1615 1432 de
1639 1359 1804 1432 Comitata
1832 1357 2018 1442 imolenfis.

397 1459 629 1538 temnendam
657 1461 923 1560 quaestionem,
957 1485 1084 1560 nempe
1121 1461 1164 1536 ad
1195 1461 1224 1532 Β
1249 1459 1368 1536 Refert
1384 1457 1596 1536 Bacchinius
1612 1455 1867 1560 inAppendic.
1880 1457 2017 1535 Histor.

398 1561 688 1742 {lanista
702 1561 1162 1742 ³l2mil}‘¹‡{li²‘ll
1250 1559 2017 1762 anlam‘tllaslttnnt

1072 1719 1083 1754 ‚
1304 1719 1313 1738 .
2004 1719 2016 1742 .

448 1765 603 1844 rtiooem
643 1784 784 1842 tantum
825 1767 900 1870 ejus
935 1765 1165 1858 Comitatus,
1252 1765 1289 1839 in
1312 1792 1381 1864 qua
1402 1765 1578 1856 Ubertur,
1589 1763 1690 1857 filias
1707 1769 1869 1864 quendam
1886 1766 2018 1838 Arsai·-

400 1791 471 1943 isiie
497 1869 656 1945 Callrum
684 1868 829 1969 aliquod
854 1870 895 1946 in
921 1895 1008 1968 agro
1034 1867 1162 1944 Tarvi-
1251 1867 1286 1938 ni
1310 1867 1445 1940 Conrirr'r
1464 1866 1669 1958 Parmensis,
1695 1866 1870 1942 nonnulla
1898 1865 2012 1942 Calira

400 1969 475 2046 sino
501 1969 624 2048 fitum.
653 1976 778 2070 quue
812 1969 926 2070 magis
952 1969 1165 2044 intendenda
1250 1967 1358 2044 donat
1384 1967 1716 2044 Menturnis-santii
1745 1966 1843 2042 Petri
1863 1968 2015 2044 Clunia-

401 2071 634 2150 eonfideratio
661 2071 708 2146 est
738 2071 777 2147 in
803 2070 895 2144 hanc
926 2069 1070 2144 dicendi
1096 2069 1165 2144 ior·
1251 2069 1376 2144 ceolis.
1401 2067 1552 2170 ipsamet
1575 2069 1680 2144 verba
1704 2069 1938 2144 habenturin
1960 2071 2013 2145 al.

340 2171 348 2188 '
401 2175 565 2266 mulam,
597 2171 696 2272 quod
731 2171 769 2248 in
803 2169 888 2246 aliis
922 2171 1164 2246 monumentis
1250 2189 1323 2246 tera
1349 2171 1423 2270 ejus
1451 2169 1654 2246 Donatione
1680 2168 1773 2246 ledia
1796 2171 2014 2248 Monalierio

399 2291 586 2364 occurrat,
605 2273 733 2376 abique
756 2273 821 2346 iila
842 2297 929 2346 voce
950 2279 1081 2366 Cernes,
1103 2299 1164 2347 nu·
1251 2270 1370 2346 saneti
1393 2271 1578 2348 Benediili
1604 2271 1882 2346 Padolirooensu
1900 2277 2005 2348 Anno

233 2485 239 2492 ἰ
400 2379 446 2454 da
480 2373 675 2476 appellatio
707 2377 750 2448 dr
772 2375 966 2448 comitata:
991 2375 1091 2474 cujus
1126 2373 1163 2448 ss·
1194 2373 1373 2452 CMXC.
1395 2375 1514 2466 Quare
1538 2371 1728 2448 censendus
1751 2375 1811 2448 hic
1831 2373 2009 2450 Arduinus

401 2475 670 2584 gnificatiooem
694 2501 765 2550 non
789 2474 841 2550 ita
867 2473 1079 2575 perspekiam
1105 2503 1165 2578 pu·
1248 2483 1357 2548 Cemes
1390 2473 1569 2558 Parmensis
1604 2475 1724 2567 Urbis,
1760 2475 1887 2572 ejusque
1917 2479 2006 2572 agri.

402 2601 463 2657 to.
492 2583 670 2654 Incertum
695 2575 829 2677 quippe
853 2574 922 2668 est,
947 2601 1033 2651 num
1063 2577 1165 2678 figni·
1247 2580 1343 2652 Cum
1379 2575 1475 2652 hisce
1509 2575 1654 2650 Chattis
1680 2603 1773 2652 nunc
1807 2575 1895 2652 duae
1920 2579 2012 2654 aliae·

403 2681 568 2756 licaretur
591 2677 683 2751 olim
710 2703 771 2777 per
793 2703 836 2750 ea
861 2677 968 2750 uerba
994 2687 1103 2752 Comes
1124 2683 1167 2751 de
1251 2675 1501 2766 conferantur,
1526 2703 1612 2776 quas
1637 2703 1682 2752 ex
1713 2679 1857 2754 laudato
1885 2679 2013 2754 Archi·

402 2783 567 2856 Comitata
602 2779 733 2866 homo,
763 2777 827 2876 qui
860 2777 1021 2854 Civitati
1055 2805 1166 2874 aeque
1253 2805 1298 2852 vo
1318 2775 1539 2878 Regienfium
1560 2777 1820 2856 Monaohorum
1840 2781 2014 2858 desumtae

403 2909 444 2960 at
467 2881 544 2984 ejua
565 2905 652 2982 agro
674 2877 872 2955 Praelediut
898 2878 1010 2954 titulo
1029 2883 1167 2955 Comitis
1251 2882 1416 2980 evulgare
1441 2903 1535 2954 nunc
1558 2879 1650 2957 mihi
1677 2884 1813 2982 placet.
1839 2889 1927 2960 Sunt
1951 2911 2010 2961 au·

402 2985 620 3085 imperaret;
656 3007 700 3054 an
735 2981 855 3080 potius
890 2981 1014 3056 Vaffue
1042 2985 1165 3084 Augu·
1252 2999 1323 3056 tem
1349 2977 1542 3082 ejusmodi.

402 3087 556 3179 diorum,
579 3081 688 3162 rurali
716 3083 836 3158 Feudo
860 3077 933 3159 five
955 3081 1108 3160 Callello
1132 3110 1166 3164 a·

430 3331 612 3422 Donatio
640 3357 811 3448 quatuor
841 3333 1092 3422 Praediorum
1125 3331 1226 3422 iadis
1259 3331 1504 3421 Monalietio
1536 3337 1669 3426 Sanni
1704 3339 1873 3456 Prosperi
1903 3349 1983 3430 Rr-

458 3451 597 3568 gieolir
623 3457 678 3540 ab
707 3449 892 3550 teduino
921 3455 1085 3548 eontra
1107 3454 1156 3544 de
1177 3455 1389 3542 Comitatu
1419 3455 1647 3566 Parmense,
1679 3461 1801 3544 Anno
1826 3489 1951 3570 ¹034·

449 3693 485 3763 N
507 3687 631 3762 namins
655 3685 774 3766 saniir
807 3687 853 3756 θ
887 3684 1059 3756 individae
1085 3687 1161 3760 Tri·
1187 3687 1233 3760 D¹
1249 3711 1325 3780 egr,
1366 3685 1423 3782 qai
1449 3687 1550 3784 sapta
1584 3690 1755 3764 Ardainas
1788 3694 1899 3762 Crmer
1933 3690 2013 3762 aare

474 3787 609 3856 nitatis.
643 3791 746 3855 Anna
771 3785 813 3858 ab
849 3785 1069 3864 incarnatione
1094 3793 1159 3862 Do·
1250 3789 1294 3856 θ
1319 3788 1439 3882 affine,
1476 3791 1520 3862 Θ
1550 3811 1609 3890 per
1641 3791 1812 3888 presentem
1844 3795 2012 3866 Cartalam

401 3885 483 3960 mini
508 3883 605 3974 nostri
627 3881 713 3978 Jesa
746 3881 867 3974 Christi
900 3889 1034 3962 MLIV.
1058 3895 1163 3962 Anna
1248 3885 1421 3984 offersionis
1444 3893 1468 3962 ὸ
1491 3913 1567 3984 pars
1588 3893 1729 3988 prediiir
1754 3893 1941 3978 ammana
1955 3891 2012 3984 ia·

400 3987 520 4074 Damni
544 3987 661 4066 Enrirr'
694 3985 895 4083 imperatoris
919 3989 973 4060 bic
997 3989 1033 4062 r'n
1059 3989 1160 4066 italia
1250 4015 1283 4061 te
1304 3990 1514 4086 proprietario
1540 3997 1663 4064 nomine
1687 3997 1844 4068 abendam
1868 3990 2012 4085 confirmo

401 4087 570 4176 larnano,
598 4092 674 4160 XII.
699 4090 870 4168 Kalendas
894 4093 1071 4184 serenda,
1107 4095 1161 4164 In·
1245 4112 1303 4188 pra
1326 4092 1432 4164 anime
1457 4119 1521 4164 mee
1545 4095 1589 4164 θ
1613 4099 1770 4192 quandam
1795 4095 1925 4186 Julite‚
1951 4119 2008 4192 qne

399 4189 520 4268 dicione
546 4193 620 4262 VII.
653 4189 776 4266 saneta
801 4192 846 4268 Φ
879 4193 1062 4266 venerabile
1096 4198 1158 4266 Er·
1243 4193 1314 4282 fait
1348 4192 1493 4294 conjux
1531 4219 1633 4286 mre,
1668 4199 1830 4270 meranda:
1868 4201 1907 4270 he
1935 4197 2011 4288 sant

400 4289 492 4376 eiefia
529 4288 645 4366 sanna·
682 4291 859 4386 Prosperif,
900 4294 957 4369 abr·
997 4296 1158 4370 Domnus
1250 4293 1425 4386 Masaririe
1459 4317 1593 4391 qaataor
1619 4301 1708 4371 rebar
1733 4299 1902 4372 territoriis
1929 4297 2012 4386 iaris

400 4389 580 4470 Landullo
604 4391 661 4464 vir
693 4393 889 4482 venerabilis
918 4394 1017 4474 Abas
1048 4391 1162 4492 preeffe
1248 4395 1330 4486 mei,
1365 4423 1425 4493 qae
1443 4395 1523 4489 sant
1545 4397 1643 4496 postte
1667 4419 1729 4470 tres
1756 4401 1791 4472 in
1816 4401 1878 4472 tace
1904 4399 2012 4493 Quin·

398 4493 555 4582 videtur,
588 4491 654 4584 fita
687 4493 817 4588 Regio.
855 4499 938 4590 Ego,
966 4497 1091 4591 quidem
1125 4497 1161 4570 in
1248 4517 1369 4592 gente,
1405 4524 1464 4596 qae
1489 4499 1568 4568 redia
1595 4501 1804 4574 tarataram
1832 4501 1926 4592 fiant
1958 4521 2015 4596 pes

359 4664 363 4676 ,
400 4594 465 4668 Dei
493 4595 616 4668 nomine
641 4594 824 4672 Arduinut
858 4597 991 4671 Comes
1019 4595 1062 4670 de
1088 4599 1158 4672 Co·
1188 4595 1218 4666 E
1253 4599 1423 4670 Andrean
1448 4603 1487 4672 de
1511 4601 1647 4694 Calais,
1674 4605 1718 4672 (ΞΓ
1743 4604 1917 4676 Annam
1938 4608 2016 4676 Per·

400 4693 531 4782 mitatu
563 4693 744 4772 l’attnensr
762 4697 807 4766 θ
823 4693 923 4786 filins
939 4697 1083 4788 Artem,
1107 4700 1165 4794 qai
1253 4699 1393 4786 ratium,
1421 4702 1465 4772 Ο·
1490 4723 1635 4798 nepetam
1654 4703 1750 4796 suam
1774 4705 2011 4792 Adelbertam,

397 4795 517 4894 profess
536 4795 609 4888 sam
634 4824 673 4870 ea
697 4796 839 4874 Natione
865 4823 934 4880 mea
958 4805 1044 4895 Lege
1067 4799 1160 4872 oiva-
1252 4819 1347 4897 atque
1381 4801 1566 4876 Martinam
1605 4805 1859 4876 Wrimarinam:
1899 4823 2013 4902 quarta

400 4924 434 4970 re
468 4899 769 4992 Langobardorum,
804 4897 930 4990 offertor
955 4901 1000 4970 θ
1032 4905 1165 4974 denerat
1253 4901 1287 4972 in
1313 4901 1514 4996 Asfinetirr,
1540 4933 1600 5002 qne
1624 4905 1708 4983 ntia
1734 4907 1779 4980 ur
1802 4909 1948 4980 laborata
1966 4902 2014 4998 fit

401 4997 499 5098 ipsias
517 4997 724 5090 Monesterii,
750 4999 873 5100 presens
894 4999 1089 5094 presentibus
1110 5005 1163 5074 ai.
1249 5023 1307 5100 per
1332 5009 1517 5081 Martanum
1542 5009 1780 5100 Presbirrram,
1816 5011 1872 5102 qai
1896 5007 2017 5080 diriter

402 5099 462 5172 ai:
497 5097 670 5200 Quisquis
703 5099 743 5176 in
775 5099 903 5180 sanetis
928 5103 996 5176 &u
1031 5105 1163 5200 Ideoque
1235 5103 1424 5198 pMufinus.
1450 5106 1501 5184 Et
1520 5109 1600 5206 sant
1619 5109 1761 5209 prediiie
1785 5109 1965 5204 Maseririe
1983 5107 2019 5180 in

1891 5233 1966 5306 μω
