4532 6154
308 465 390 576 535
605 451 1469 543 ossssnrnrrossnrn.
1725 461 1810 578 5se

247 577 306 655 dtu
330 580 381 650 bis
417 599 477 648 non
508 571 648 665 sociiis,
675 597 730 644 nee
763 570 844 642 mibi
871 567 991 660 sreislis
1005 621 1014 643 .
1029 576 1074 647 Ἀ
1097 572 1214 662 babeo,
1242 572 1286 642 (r
1313 577 1427 668 Legem
1454 580 1633 646 Rontenant
1661 603 1742 652 nune
1767 587 1869 657 vivet

250 686 299 752 Et
318 681 386 752 ideo
404 679 486 776 quod
499 678 652 774 probatur
670 674 703 746 in
723 673 850 770 capita,
867 672 902 744 in
921 697 1014 744 mern·
1099 697 1133 744 re
1164 673 1299 764 videor,
1324 673 1474 770 quemvis
1510 701 1550 745 ere
1576 677 1724 772 natione,
1750 704 1787 755 ut
1808 685 1866 779 su.

251 783 318 854 bris
336 780 580 880 intelligendum
604 771 660 870 esse
679 801 739 848 non
758 775 951 848 dubitetur:
969 775 1014 844 0·
1098 797 1180 873 pra,
1205 774 1353 848 Salirbus
1371 775 1466 868 sunt,
1494 803 1548 847 nee
1576 777 1654 849 mibi
1678 783 1774 857 liceat
1799 789 1866 861 ulls

251 883 339 956 fiant
358 882 432 956 dies
452 881 525 977 ejus
546 878 671 978 pauci,
694 879 727 950 δι
750 877 920 950 honorem
940 876 1014 976 ejus
1100 898 1234 975 tmpore
1268 881 1372 968 nolle,
1398 878 1481 975 quod
1515 878 1607 950 uolui
1619 932 1630 968 ,
1650 880 1710 972 sed
1738 892 1821 982 qnod
1846 917 1867 964 ι

252 985 405 1080 accipiat
430 985 537 1056 alter.
556 985 605 1052 Et
630 981 755 1076 insuper
776 979 890 1050 vestiat
915 978 1014 1074 ipsum
1101 1007 1147 1050 me
1181 979 1272 1065 sernel
1301 979 1451 1071 salium,
1478 981 1533 1051 vel
1567 980 1770 1080 conscriptum
1796 989 1863 1084 est,

251 1083 479 1179 Mersaslerium
514 1108 582 1154 eunt
616 1083 700 1152 omni
725 1079 789 1173 sne
819 1080 1015 1176 pertinentia
1100 1080 1335 1178 inviolabiliter
1356 1080 1537 1175 conseruare
1556 1089 1706 1180 promitto
1719 1115 1793 1168 ,eunt
1803 1091 1865 1180 sii·
1924 1105 1930 1114 ’

251 1181 286 1260 in
317 1185 468 1284 potestate
500 1186 540 1255 de
572 1183 846 1281 propinquioribus
881 1180 1013 1274 nostris,
1098 1181 1262 1280 putatione
1294 1182 1456 1275 subnixa,
1493 1184 1537 1254 (θ’
1571 1185 1761 1282 bergomens
1798 1220 1866 1266 eum

251 1289 308 1386 qui
340 1307 415 1358 tune
448 1285 596 1382 ‘temperis
629 1282 855 1381 apparuerint,
887 1310 947 1354 non
980 1284 1014 1353 in
1098 1285 1302 1356 tramentarie
1327 1285 1366 1356 de
1390 1305 1475 1358 terra
1501 1287 1722 1382 elevavimus,
1746 1295 1866 1368 Beren-

248 1389 461 1487 pmprierate,
481 1389 541 1480 sed
569 1385 603 1458 in
628 1383 857 1483 gubernatione
892 1387 936 1454 (ι’
959 1385 1012 1456 de·
1101 1385 1177 1478 zoni
1200 1387 1334 1458 Neratio
1358 1387 1402 1458 Θ·
1415 1386 1535 1480 sudioi
1557 1389 1651 1462 Satri
1673 1394 1800 1466 Palatii
1822 1399 1867 1470 al

244 1490 410 1584 sensione.
445 1494 494 1563 Et
528 1488 653 1562 tamdiu
681 1486 716 1563 in
750 1511 854 1558 eorrun
888 1505 1017 1560 maneat
1049 1485 1294 1580 Bserilendunt
1328 1489 1544 1580 tradidimus,
1571 1491 1615 1560 O·
1650 1491 1686 1562 id
1702 1491 1784 1586 fieri
1818 1522 1866 1568 re.

247 1593 419 1691 potestate,
441 1591 595 1688 quamdiu
621 1591 682 1664 illa
702 1591 856 1687 persona,
881 1589 937 1684 qui
960 1589 1014 1660 hot
1097 1589 1271 1686 gavinius,
1294 1589 1329 1660 in
1348 1616 1411 1686 qua
1428 1591 1539 1684 subter
1561 1590 1800 1688 confirmantes,
1820 1618 1867 1671 te.

248 1693 501 1792 perpetrauerit,
519 1693 664 1784 volente,
683 1693 863 1787 nolenteque
881 1687 1015 1778 uolitans
1094 1689 1198 1778 stibus
1221 1693 1393 1764 obtulimus
1427 1695 1651 1768 roborandum.
1691 1699 1781 1769 Unde
1804 1702 1867 1771 duo

252 1796 502 1883 ordinationem,
537 1821 617 1892 quae
645 1794 791 1890 superius
824 1789 913 1864 diila
947 1791 1014 1883 ιβ,
1101 1791 1301 1882 Testamenta
1326 1819 1388 1866 uno
1413 1813 1516 1866 tenore
1536 1793 1657 1893 scripta
1676 1796 1776 1889 sunt.

252 1898 379 1994 implere
413 1898 580 1970 dimittet.
615 1901 663 1969 Et
687 1896 728 1966 de
760 1893 826 1966 biis
850 1895 1013 1985 omnibus,
1149 1901 1252 1968 Anno
1275 1895 1405 1992 imperii
1427 1896 1562 1970 Domini
1584 1898 1773 1990 chunradi,
1796 1906 1868 1976 Des

251 2027 331 2097 quae
342 1999 489 2097 superius
506 1998 675 2096 leguntur,
691 1994 846 2092 implendi
860 2016 911 2084 te,
927 2001 1015 2068 Deus
1098 1996 1255 2092 propitio,
1282 1997 1412 2089 Tertio,
1440 2002 1499 2072 iX.
1534 2001 1586 2070 die
1619 1999 1734 2084 meusts
1747 2007 1780 2094 J
1781 2003 1865 2097 ulii,

252 2103 465 2199 omnipotens,
480 2107 611 2174 Creator
628 2101 786 2187 omnium,
801 2097 1016 2184 sonslituimus
1104 2096 1279 2170 indiilione
1304 2099 1503 2170 duodecima.

251 2201 288 2279 in
309 2204 365 2276 bos
388 2203 585 2290 Testamento
605 2203 765 2274 haeredem
783 2197 840 2292 esse
860 2197 1015 2284 nostrum.
1153 2195 1279 2270 Anum
1290 2197 1517 2292 Teurinensern
1526 2197 1705 2274 Civitatem
1708 2203 1866 2294 selieiter.

253 2371 259 2384 ,
291 2309 324 2396 J
324 2327 377 2377 am
401 2301 508 2376 etuas
529 2305 604 2373 uero
627 2299 813 2372 Dominicus
830 2301 948 2375 Albas
965 2297 1031 2384 fit·
1277 2299 1424 2374 Alsicus
1445 2302 1558 2398 gratia
1584 2305 1649 2374 Dei
1674 2305 1868 2409 Episcopus

247 2403 339 2478 nobis
374 2403 409 2476 in
442 2404 496 2479 boe
521 2401 717 2490 Testamento
736 2397 821 2491 fidei
851 2400 1013 2495 generalis
1042 2395 1074 2465 C
1330 2401 1365 2472 in
1399 2404 1453 2476 ιιι
1488 2405 1684 2489 Testamenta
1707 2410 1786 2501 ase
1812 2411 1870 2502 sa·
2016 2442 2018 2448 ¹

247 2501 524 2601 commissarium.
569 2505 649 2577 Tibi
686 2507 787 2590 veri,
816 2490 1029 2592 senileffime'
1329 2499 1378 2572 tro
1396 2500 1598 2598 subscripsit.

248 2606 410 2698 Ecclefia,
429 2634 482 2679 eas
499 2631 570 2694 res,
588 2630 667 2699 quae
680 2603 779 2699 supra
794 2599 901 2672 ilibino
912 2572 1028 2694 sunt,l
1237 2605 1321 2672 -Hos
1354 2599 1398 2688 ιβ
1427 2601 1559 2700 signum
1600 2605 1752 2684 Domini
1786 2611 1870 2690 Mn·

247 2715 295 2782 ad
318 2709 429 2797 busum
453 2707 496 2776 θ
514 2706 678 2802 sumppum
698 2724 822 2791 tuorum
844 2705 1032 2790 Monaedes-s
1099 2627 1227 2890 ᾧ
1279 2699 1432 2806 guifredi
1459 2705 1704 2801 Moschionis,
1730 2714 1789 2810 qui
1813 2715 1869 2790 bot

252 2833 347 2896 rum,
377 2808 657 2906 serviendumque
676 2807 746 2898 eis,
773 2804 808 2876 in
843 2830 877 2874 eo
904 2807 1020 2896 medo,
1281 2803 1514 2892 Testamentum
1544 2828 1603 2906 pro
1636 2813 1747 2885 anima
1776 2816 1869 2908 sua,

250 2933 289 2982 stt
317 2909 419 3004 supro
451 2911 647 2984 declaratum
682 2908 746 2998 ιβ,
777 2908 891 2980 danus
924 2927 1020 3002 atque
1183 2971 1187 2980 ,
1267 2906 1454 3003 suorumque
1474 2928 1663 3004 parentum,
1689 2935 1785 3010 atque
1806 2937 1866 3013 pre

249 3011 452 3106 delegamus.
473 3017 596 3108 Espro
614 3012 746 3108 eoquod
764 3035 824 3097 ea,
843 3034 1016 3106 quaeum·
1107 3083 1113 3096 ,
1274 3007 1417 3080 omuibus
1442 3005 1601 3102 fidelibus
1625 3013 1784 3104 desunbiis
1801 3016 1874 3108 fies

247 3131 325 3186 tura
342 3113 442 3205 seint,
463 3114 574 3185 videre
596 3113 781 3209 neqisinsus,
806 3109 843 3182 in
864 3130 1018 3207 quantmn
1160 3187 1165 3192 ,
1195 3129 1214 3160 -·
1275 3109 1306 3181 ti
1325 3110 1475 3206 rogavit,
1495 3111 1538 3182 θ
1557 3110 1632 3185 inde
1650 3117 1754 3186 Deum
1767 3119 1868 3198 emnia.

246 3210 426 3311 possumus,
451 3215 667 3288 oblisatisnern
691 3212 848 3306 serimus.
884 3210 1020 3309 Siquis
1120 3261 1125 3272 ·
1272 3230 1430 3308 potentem
1455 3212 1616 3287 hamedeus
1642 3215 1804 3314 instituit,
1831 3239 1868 3294 Β

247 3322 347 3407 steri,
374 3317 457 3414 qued
485 3317 633 3408 saturum
658 3313 715 3410 esse
749 3342 809 3386 non
844 3312 1017 3404 credimus,
1042 3304 1076 3374 D
1269 3312 1394 3410 supra.

243 3415 279 3504 β
304 3443 380 3506 nos,
407 3427 490 3512 quod
515 3417 619 3507 abste,
645 3440 704 3490 aut
738 3417 825 3488 ullus
849 3419 892 3502 de
912 3416 1013 3490 baere-
1148 3413 1290 3513 Signum
1315 3417 1370 3490 M.
1397 3443 1496 3490 noenu
1516 3416 1589 3514 sans
1610 3419 1716 3496 uillae
1741 3423 1867 3504 Bettoe

248 3519 367 3608 dibus,
390 3546 427 3590 ae
448 3519 689 3614 prohaeredibus
716 3517 847 3607 noslris,
864 3515 922 3608 seu
948 3519 1016 3613 qui·
1113 3587 1118 3600 ,
1205 3515 1438 3610 comitissae,
1467 3547 1547 3616 qnae
1569 3549 1637 3596 cum
1660 3527 1792 3596 eundem
1812 3527 1869 3599 vi.

241 3619 347 3690 ‘eliber
372 3619 509 3714 oppofita
533 3619 662 3714 persona
697 3643 805 3692 eontra
828 3619 883 3690 boe
909 3619 1012 3706 Testa·
1204 3643 1274 3690 turn
1289 3618 1403 3712 suum,
1422 3647 1550 3719 eumque
1568 3622 1795 3720 consentiente,
1812 3627 1868 3702 tu

250 3739 389 3788 rnentum
412 3719 457 3788 ire
480 3721 663 3814 quandoque
687 3721 938 3808 tentaverimus,
961 3742 1019 3793 aut
1204 3719 1523 3814 Tesiatuontumfieri
1536 3726 1687 3820 rogavit,
1702 3725 1868 3826 utsupra.

246 3817 350 3899 illud¹
359 3838 418 3912 per
439 3820 1017 3916 quodeunquesngeniuut·infringere
1152 3819 1289 3918 Signum
1327 3823 1383 3897 Μ.
1422 3827 1478 3900 Μ.
1517 3824 1666 3900 manibus
1694 3831 1726 3918 J
1727 3829 1868 3922 obanni,

249 3915 499 4017 quaesterimus,
529 3943 604 3992 tuns
639 3919 811 4010 inseramus
844 3925 890 3992 ad
924 3922 1016 3994 illam
1207 3923 1251 3992 θ
1283 3924 1446 4012 Odelriei,
1481 3929 1571 3998 ambo
1602 3933 1688 4024 Lege
1717 3928 1869 4005 νίιιιιιιι

246 4039 393 4118 partem,
419 4042 526 4093 eontra
551 4045 641 4116 quern
665 4023 776 4092 exinde
800 4022 890 4092 litem
916 4023 1013 4094 intul-
1207 4027 1384 4113 Romane,
1410 4022 1519 4111 tesles.

238 4121 381 4194 desimus
405 4122 528 4208 multa,
555 4148 635 4218 quae
660 4121 702 4209 ιβ
724 4143 809 4218 pena
834 4147 911 4194 aute
935 4124 1013 4197 obti-
1148 4119 1285 4220 Signum
1308 4125 1362 4196 M.
1387 4125 1442 4198 M.
1467 4124 1613 4200 monibus
1631 4129 1785 4205 Wstbetti
1805 4136 1868 4208 Co·

248 4249 299 4295 mo
323 4223 435 4296 uncias
467 4243 611 4312 rentum,
636 4223 763 4321 argenti
786 4223 927 4320 pondera
953 4225 1013 4296 du·
1046 4209 1077 4281 Ε
1205 4221 1280 4295 miti
1290 4276 1301 4314 ,
1337 4224 1382 4296 (θ’
1416 4225 1574 4319 Herdoni,
1608 4233 1694 4330 Lege
1717 4232 1868 4310 viventes

248 4346 391 4398 sentum.
408 4327 537 4424 Insuper
556 4352 604 4398 res
621 4326 706 4423 ipsas
725 4325 757 4397 in
776 4326 910 4424 duplum
922 4326 1016 4426 perti
1210 4325 1363 4410 saliere,
1389 4323 1498 4414 tesies.

249 4422 389 4518 ejusdem
423 4429 641 4523 Monaslerii,
669 4427 754 4515 sieut
787 4449 846 4526 pre
880 4447 1015 4526 ternpore
1158 4425 1295 4526 Signum
1318 4429 1374 4501 M.
1402 4431 1457 4504 M.
1483 4431 1539 4506 M.
1566 4433 1714 4508 monibus
1737 4433 1868 4534 Beleni·

192 4577 196 4584 -
245 4524 368 4616 suerint
385 4529 585 4616 melioratae,
604 4551 662 4603 aut
679 4531 842 4605 valuerint
854 4529 917 4622 sub
933 4532 1013 4603 enti·
1204 4527 1241 4600 ni
1251 4584 1263 4621 ,
1286 4529 1329 4600 θ
1350 4529 1485 4604 Aheno·
1496 4585 1507 4622 ,
1527 4531 1586 4626 seu
1603 4535 1732 4628 vitoni,
1758 4535 1867 4624 testes.

248 4627 387 4700 motione
421 4629 456 4702 in
491 4629 701 4716 consimilibus
727 4631 826 4724 loeis,
855 4631 900 4703 (ι’
932 4635 1014 4729 quud
1155 4635 1229 4728 Ego
1254 4635 1310 4728 qui
1327 4629 1429 4728 supra
1449 4637 1591 4732 Berenzo
1616 4638 1794 4732 Notarius,
1820 4637 1867 4713 Ο·

248 4729 489 4826 repetierimus,
523 4733 692 4806 vendicare
726 4755 788 4804 non
821 4736 1012 4826 ualeamus,
1197 4735 1310 4826 sudore
1336 4732 1423 4826 satri
1456 4735 1584 4808 Palatii
1617 4737 1778 4835 Scriptor,
1813 4741 1868 4818 boe

241 4830 302 4925 sed
322 4830 468 4928 praesens
502 4833 557 4906 boo
585 4837 818 4922 Teslarnentstru
850 4835 1014 4908 diuturnis
1208 4833 1441 4922 Yeslantontunt
1463 4835 1531 4935 posi
1555 4839 1713 4912 tradituros
1737 4845 1869 4942 comple·

246 4935 436 5028 temporibus
458 4932 591 5028 fiturum
617 4935 857 5036 stabilitumque
890 4958 1012 5034 perma-
1206 4936 1249 5008 ui
1274 4937 1318 5006 lb*
1341 4937 1442 5011 dedi.
1753 4943 1756 4954 ’

101 5097 104 5102 .
248 5055 344 5124 neat,
362 5058 457 5134 atque
474 5037 620 5134 persistat
638 5039 855 5133 inconvulsum
874 5065 942 5112 eum
954 5040 1012 5130 sii·
1156 5039 1260 5112 Dona
1279 5034 1337 5114 isti
1355 5038 1580 5126 Monasterio
1591 5043 1722 5118 collate
1741 5071 1762 5120 n
1780 5042 1868 5149 piis·

244 5135 409 5230 puletione
428 5139 587 5231 subnixe.
611 5145 660 5214 Et
686 5142 756 5214 ideo
780 5169 855 5240 ego,
881 5142 938 5238 qui
956 5142 1012 5235 su·
1106 5133 1201 5212 fimis
1235 5135 1330 5214 hisce
1366 5139 1613 5242 Principibus,
1647 5145 1744 5222 inter
1777 5175 1868 5250 quse

241 5257 330 5336 pre,
354 5240 471 5311 Aleion
506 5243 660 5342 Episcopo
694 5245 805 5316 honere
840 5239 1039 5332 sacerdotiis
1079 5235 1362 5342 sanimsdrertss
1381 5241 1492 5318 velim
1512 5245 1642 5322 ustinus
1662 5253 1789 5350 paitem
1805 5253 1866 5348 ci,

1692 5352 1814 5428 mean
