4628 6150
502 425 589 539 '503

800 425 1197 546 ruotperto.
1225 425 1474 540 ,Movit
1526 428 1707 519 nort

1922 465 2009 551 504

440 543 637 640 perpetualis
670 543 894 636 transalbianis
926 552 950 619 b
980 549 1123 644 presente
1155 547 1208 620 die
1238 549 1273 622 A
1301 553 1449 624 manebus
1474 578 1508 622 m
1534 571 1601 622 turs
1634 572 1812 645 mittimus,
1840 553 1874 624 in
1905 553 2069 650 presentia

443 647 543 729 nsslre
564 646 708 742 pagine,
734 667 764 718 te
786 649 927 746 presente
953 650 988 720 in
1018 651 1084 726 Dei
1108 651 1208 721 nomi·

446 772 485 815 ne
514 749 658 819 Domno
681 747 857 838 Iohannes
887 751 1105 826 venerabilis
1131 756 1209 826 Pre-

446 846 640 938 sbiter,&
677 850 902 936 Monachus,
935 873 1043 954 atque
1068 853 1210 944 Abbos,

444 949 489 1018 θ
520 948 680 1043 spiritalis
716 974 810 1050 potet
844 955 968 1045 noster,
999 960 1024 1027 b
1048 977 1144 1053 parte
1176 955 1214 1026 iu

443 1047 661 1124 Monallerio
686 1053 807 1128 sanffi
843 1058 1060 1148 salvatoris,
1085 1057 1211 1152 ejusque

443 1157 470 1222 S
471 1147 667 1240 necessatibus
693 1157 728 1227 in
757 1179 960 1252 perpetuum,
984 1181 1046 1254 pro
1077 1159 1212 1229 remedio

1301 652 1428 738 teslium
1451 653 1589 744 διήκει,
1613 655 1715 750 adque
1740 655 1940 751 corporaliter
1964 656 2068 728 tradi·

1299 781 1369 826 mus
1393 783 1465 828 com·
1495 756 1630 842 omnia,
1655 781 1717 851 que
1741 755 1888 852 superius
1921 758 2063 854 legitur,

1300 857 1441 928 boberodi
1470 857 1649 930 dominium
1673 859 1721 926 θ
1748 857 1929 954 poteslatem
1963 859 2067 956 quieti
2211 911 2214 918 ·

1299 959 1429 1030 tramite
1451 960 1617 1048 babeatis,
1640 957 1844 1054 poffideatis,
1870 959 2065 1052 vindicetis,

1285 1081 1397 1155 ¹atque
1416 1059 1618 1152 defendatis,
1643 1079 1741 1132 errans
1777 1060 1912 1149 utendi,
1932 1060 2066 1150 fruendi

1298 1163 1421 1231 imore
1448 1161 1572 1256 salario
1597 1161 1631 1231 in
1666 1163 1770 1232 eodem
1805 1161 2000 1245 Monaslerio
2025 1163 2064 1234 itt

440 1253 548 1325 anime
573 1255 694 1343 noslre.
727 1263 793 1330 Pro
817 1265 886 1331 Deo
919 1261 1006 1330 enim
1037 1264 1123 1334 dans
1147 1263 1204 1331 da·
1297 1284 1442 1359 perpetuo
1467 1263 1675 1358 permanendi
1697 1284 1757 1359 pro
1781 1289 1840 1354 eo,
1856 1261 1946 1348 sscur
1974 1264 2061 1335 dirci-

439 1383 530 1448 mus,
555 1359 732 1448 donamus,
761 1362 919 1451 cedimus,
940 1361 997 1453 seu
1027 1361 1204 1450 tranrsmri·
1231 1379 1232 1384 ’
1299 1389 1391 1454 mus,
1412 1385 1473 1460 pro
1494 1364 1706 1460 redemptione
1735 1365 1842 1436 anime
1869 1363 1990 1451 nostre.
2014 1371 2067 1438 Et

441 1484 537 1546 mus,
565 1480 662 1556 atque
683 1489 753 1532 cunt
775 1463 986 1536 oblationibus
1012 1462 1210 1558 offerrimus,
1238 1471 1265 1540 B
1298 1466 1341 1536 ab
1365 1465 1494 1537 odierna
1518 1465 1576 1535 die
1596 1491 1762 1561 manuam
1785 1467 1882 1538 liceat
1905 1466 1986 1536 mibi
2005 1467 2062 1560 so.

442 1559 487 1630 (y
511 1561 553 1631 de
585 1561 691 1649 noslra
708 1561 793 1654 jura
823 1563 980 1660 nostroque
1009 1564 1208 1651 dominium,
1296 1566 1470 1662 prascripro
1506 1566 1684 1656 donatori,
1715 1566 1932 1656 benesilloni,
1967 1594 2065 1666 neque

442 1661 611 1758 nosrisque
635 1663 711 1754 filii
745 1666 793 1735 Θ·
829 1666 992 1737 heredibus
1031 1667 1209 1737 alienamus
1299 1667 1375 1738 meis
1391 1665 1482 1760 filiis
1508 1667 1553 1738 (θ’
1578 1668 1743 1739 heredibus
1765 1670 1832 1739 ullo
1852 1695 1998 1764 umquam
2026 1671 2061 1741 in

435 1761 494 1856 seu
520 1765 757 1858 transcribimus
781 1787 876 1864 atque
893 1767 1068 1860 subdamus
1094 1767 1133 1837 in
1152 1764 1205 1860 su·
1286 1763 1432 1865 ¹tempore
1457 1770 1576 1865 quovis
1610 1769 1721 1840 exinde
1742 1770 1848 1860 sirecte
1880 1771 2062 1863 questione,

441 1891 479 1934 ra
515 1867 758 1938 &dominium
793 1889 884 1940 tuum
905 1869 1117 1966 suprascripto
1140 1871 1203 1960 Jo-
1231 1865 1233 1868 ’
1303 1871 1500 1966 repetitione,
1528 1891 1586 1946 aut
1610 1869 1806 1964 causatione,
1832 1871 1891 1942 vel
1913 1875 2062 1970 interpel-

444 1965 564 2038 bannis
588 1971 705 2040 Abbas
723 1969 896 2066 spirituali
916 1971 1009 2066 patri
1030 1997 1120 2061 meo,
1143 1969 1205 2041 tui·
1299 1973 1438 2056 latrone,
1465 1971 1624 2068 ullamque
1648 1971 1788 2059 molestia
1812 1997 1968 2069 generare
1988 1999 2058 2044 con.

387 2119 412 2134 ..
436 2064 518 2160 sque
535 2065 752 2161 suemssoribur
773 2071 810 2140 iu
829 2092 1033 2168 perpetuum,
1053 2097 1108 2142 nos
1125 2079 1207 2168 quod
1299 2095 1351 2144 tra
1375 2097 1407 2146 se
1422 2075 1590 2166 sobattnes
1609 2077 1728 2146 Albas
1750 2075 1808 2145 vel
1829 2075 1894 2146 tor'o
1909 2069 2060 2166 subcessi-

440 2165 593 2238 babemus
612 2197 649 2242 ac
666 2169 875 2265 possidemus,
894 2173 938 2242 θ’
959 2176 984 2242 d
1005 2172 1116 2258 nostris
1138 2199 1199 2244 ma·
1228 2223 1251 2234 .-
1300 2175 1386 2246 ribus
1405 2198 1465 2272 pro
1491 2177 1542 2248 bis
1575 2175 1738 2262 ottonibus,
1764 2201 1822 2269 qur
1847 2175 1989 2268 firperius
2013 2176 2061 2244 le·

440 2269 537 2339 nibus
569 2267 642 2358 sune
673 2271 840 2362 eidenurs,
876 2298 959 2370 quas
989 2273 1120 2346 obvenit
1147 2295 1206 2370 per
1294 2276 1407 2372 gitur.
1422 2283 1486 2349 Pro
1503 2296 1653 2373 exparte
1672 2275 1729 2348 vel
1745 2301 1784 2346 ets
1800 2295 1864 2344 teto
1884 2301 2057 2370 numnam

438 2371 525 2466 quod
542 2371 643 2443 ntodis
663 2376 718 2444 vel
736 2372 889 2462 titulum,
908 2397 967 2445 eut
989 2373 1130 2470 trudique
1150 2401 1199 2444 no·
1233 2375 1265 2448 C
1286 2378 1422 2474 ‘agimus
1447 2405 1546 2477 neque
1576 2377 1810 2466 contendimus,
1838 2395 1899 2447 aut
1922 2375 2056 2448 invadi·

437 2470 491 2542 bis
522 2471 722 2566 advenisset,
750 2476 832 2562 ides}
862 2475 1036 2570 Cass'adio,
1070 2475 1199 2564 Bonis'a·
1299 2505 1368 2550 mus
1390 2482 1451 2551 vel
1467 2501 1666 2577 occupamus,
1689 2503 1784 2574 neque
1807 2477 2060 2572 egentibusque

438 2571 551 2669 cingo,
577 2575 636 2672 qui
658 2573 703 2658 esi
724 2575 825 2672 polito
851 2577 1009 2649 territorio
1032 2576 1186 2664 Pislorien

431 2671 470 2768 se
495 2675 594 2764 Plebe
619 2674 716 2772 ipsius
750 2677 960 2770 Pislorieose,
984 2679 1071 2750 inter
1090 2677 1203 2770 affines

437 2775 479 2846 de
497 2774 717 2874 suprascripta
740 2799 844 2866 terro,
871 2806 935 2875 que
952 2778 1100 2875 superius
1123 2781 1196 2876 legi·

438 2893 514 2951 tur.
538 2883 606 2950 Hoc
627 2877 671 2966 esl
691 2883 737 2952 ab
756 2908 819 2952 uno
839 2883 940 2954 latere
958 2885 1140 2970 Garitano,
1163 2884 1206 2955 ob

438 2977 506 3051 alio
530 2979 628 3052 latere
644 2980 778 3074 fluvio,
805 2983 865 3080 qui
888 3006 1019 3056 vocatur
1043 2983 1200 3076 Cassiano·

439 3076 498 3169 la,
523 3083 546 3152 ὸ
570 3083 666 3153 terrio
696 3084 798 3156 latere
824 3086 978 3166 Caffadio
1003 3084 1122 3158 Sanbli
1143 3073 1229 3157 Ze·¹

442 3181 541 3267 noni,
567 3183 626 3278 qui
647 3210 782 3257 vocatur
805 3187 1014 3276 Madiatr'ca,
1033 3187 1088 3274 seu
1112 3209 1204 3281 quar·

441 3300 475 3352 to
499 3283 596 3354 latere
619 3287 789 3380 poffidente
824 3287 982 3360 Rainerio
1003 3288 1047 3358 da
1073 3287 1210 3358 Strato}
1234 3281 1269 3350 D

441 3389 520 3454 Vero
554 3385 650 3458 etiem
684 3389 1036 3460 contemnentium
1066 3387 1133 3460 trbi
1149 3387 1203 3478 sa·

422 3497 425 3506 '
434 3485 609 3585 prascripto
625 3489 793 3579 Jobannes
820 3489 994 3561 Presbirero
1020 3490 1064 3560 ό*
1088 3491 1204 3561 Albas

436 3590 632 3660 venerabilis
654 3592 832 3679 Monacbo,
856 3589 980 3683 tuisque
989 3585 1203 3680 successoribus

437 3688 472 3757 in
498 3709 681 3783 perpetuum
707 3690 804 3759 locum
835 3689 972 3774 noslrum
1003 3690 1039 3757 in
1061 3689 1202 3784 integro,

438 3789 495 3885 qui
519 3808 652 3858 vocatur
675 3793 822 3882 Statano
845 3815 913 3860 erem
941 3789 1083 3861 omnibus
1103 3793 1200 3888 perti·

438 3887 557 3960 uentiis
585 3889 678 3980 suis,
706 3889 750 3960 (9·
778 3891 811 3961 iu
848 3892 956 3984 Bazis
988 3893 1116 3980 omniu,
1146 3921 1205 3990 que

438 3992 528 4062 nobis
559 3992 740 4088 pertinent,
768 4013 805 4064 ut
838 3995 947 4066 otrodo
976 3994 1116 4092 presente
1150 3996 1206 4066 die

435 4113 494 4166 aut
528 4096 653 4189 quando
688 4095 850 4186 volueris,
877 4097 973 4168 licent
1005 4095 1070 4167 tibi
1088 4096 1198 4192 supra·

431 4193 549 4292 scripto
557 4203 589 4288 J
590 4195 726 4266 ohannes
745 4198 984 4270 Monachus&
1005 4199 1122 4272 Abbas
1139 4198 1199 4269 tui·
1231 4199 1257 4268 E

427 4297 507 4394 sque
522 4292 739 4388 suecessoribus
763 4299 797 4369 in
820 4299 869 4370 bis
894 4301 1056 4389 omnibus,
1076 4325 1137 4395 que
1146 4299 1199 4393 su·

374 4456 378 4464 .
432 4399 541 4498 penius
574 4398 713 4496 legitur,
750 4399 784 4470 in
822 4401 940 4472 ibidem
974 4402 1135 4493 introire,
1160 4404 1204 4472 Θ

427 4524 650 4598 preoccupare,
689 4497 794 4595 adque
827 4503 1007 4600 ingredere,
1038 4505 1084 4574 Θ·
1116 4523 1198 4600 pote·

427 4604 543 4690 slarem
563 4602 635 4688 fine
660 4605 726 4673 ullo
760 4625 854 4699 atque
879 4605 1033 4690 obstaculo
1054 4605 1111 4677 vel
1141 4606 1197 4677 int·

426 4707 610 4800 pedimento
621 4726 680 4801 per
692 4707 746 4776 bec
755 4705 877 4800 pagine
891 4708 1095 4799 donationis,
1110 4727 1197 4780 tron-

431 4804 593 4894 ssertionis
626 4805 762 4878 duobis
799 4807 833 4875 in
857 4810 950 4879 vobis
982 4809 1070 4896 sabla
1104 4831 1200 4907 atque

430 4908 555 4980 tradita
589 4930 751 5004 tamquam
775 4928 832 5003 per
865 4909 1043 5003 legitimam
1070 4913 1114 4981 Θ·
1144 4937 1189 4980 no

424 5005 524 5096 ssr'am
551 5012 737 5106 corporalem
762 5011 966 5084 traditionem
988 5015 1028 5083 de
1054 5013 1113 5098 isla
1138 5017 1195 5084 Ec·

431 5109 522 5196 elesia
556 5111 673 5184 Sanbli
701 5113 909 5205 salvatoris,
937 5115 982 5186 tr
1016 5116 1057 5186 de
1090 5114 1203 5202 noslris

1297 2581 1462 2672 defendere
1492 2583 1663 2654 audeamus
1692 2601 1754 2678 per
1784 2580 1878 2650 nulla
1908 2576 2062 2662 occafione

1300 2707 1395 2778 neque
1421 2683 1567 2780 ingenio,
1596 2709 1657 2754 non
1688 2701 1747 2779 per
1773 2707 1853 2771 nos,
1875 2705 1976 2774 oeque
2000 2700 2062 2775 pet

1300 2783 1415 2872 noslros
1436 2786 1561 2856 heredes
1574 2782 1746 2876 filium...
1759 2835 1788 2857 ..
1806 2777 1967 2876 summisse
1987 2801 2060 2877 per·

1301 2887 1373 2964 lona
1395 2886 1525 2981 majoris
1545 2887 1603 2959 vel
1623 2885 1774 2976 minoris,
1797 2885 1983 2982 propinques
2004 2879 2063 2952 vel

1299 2987 1423 3079 esteris,
1451 3016 1516 3061 nort
1547 2991 1597 3062 ad
1619 2997 1759 3060 eundum
1778 2985 1937 3082 judicium
1947 3033 2063 3057 ......

1301 3090 1539 3187 supplicandum
1562 3091 1767 3186 Principibus
1776 3139 1892 3163 ......
1910 3109 1968 3184 per
1996 3089 2059 3156 Ec·

1300 3191 1500 3279 elesiasticcm
1521 3191 1823 3287 interpellationem,
1841 3209 1901 3260 eut
1917 3211 1976 3284 per
1994 3193 2060 3256 Re·

1294 3295 1402 3390 galem
1424 3293 1481 3362 vel
1503 3291 1699 3387 imperialem
1720 3293 1939 3382 noegeslatem,
1965 3309 2065 3380 neque

1297 3417 1354 3488 per
1378 3394 1578 3480 ullomodo,
1605 3389 1763 3482 ullamque
1789 3387 1970 3456 traflionern
1992 3413 2061 3454 caru

1301 3492 1424 3563 traines
1446 3499 1490 3562 de
1519 3517 1579 3586 quo
1602 3487 1709 3580 sensus
1743 3486 1901 3558 botranus
1932 3509 2064 3578 arguere

1298 3589 1441 3688 potesset,
1461 3591 1518 3683 sed
1546 3593 1579 3661 in
1606 3587 1695 3660 emti
1715 3609 1850 3684 tempore
1866 3587 1993 3678 securus
2014 3585 2061 3656 θ

1297 3694 1455 3790 quietum,
1483 3693 1610 3788 tursqrre
1635 3685 1817 3785 subcessores
1843 3688 1960 3760 exr'nde
1990 3715 2057 3759 ma·

1284 3795 1399 3876 ,uraris
1424 3794 1462 3865 in
1484 3795 1626 3866 omnibus
1661 3795 1697 3864 in
1721 3811 1924 3890 perpetuum.
1959 3795 2007 3862 Er
2025 3787 2061 3874 si

1296 3923 1412 3993 nonque
1438 3917 1571 3992 tempere
1599 3895 1754 3994 quispiam
1778 3895 1910 3992 persona
1937 3892 2062 3965 bomine

1299 3999 1485 4095 insurgerit,
1514 3999 1569 4094 qui
1593 4025 1650 4070 vos
1686 3997 1797 4069 exinde
1821 3997 1879 4068 vel
1901 4023 1938 4064 etr
1968 4015 2064 4088 parte

1297 4103 1353 4172 vel
1376 4130 1416 4172 ere
1439 4121 1537 4171 totum
1563 4101 1734 4198 expellere,
1752 4119 1820 4172 -aut
1842 4095 1984 4194 qualibet
2006 4121 2058 4164 ce·

1297 4204 1443 4298 lumpnia
1465 4228 1614 4299 generare
1638 4201 1797 4290 voluerit,
1815 4225 1869 4268 nos
1885 4194 2059 4292 suprascri-

1296 4321 1349 4401 pto
1372 4309 1562 4378 Donatorem
1582 4327 1639 4400 pro
1660 4301 1791 4371 remedio
1811 4299 1917 4372 anime
1932 4295 2057 4388 'uoslte,

1298 4435 1363 4478 utta
1388 4433 1456 4477 curu
1483 4405 1593 4492 nostris
1609 4402 1718 4495 filiis,
1742 4403 1786 4472 θ
1811 4398 1972 4474 heredibus
1997 4397 2060 4470 tibi

1293 4508 1503 4604 suprascripto
1519 4507 1688 4600 Jobcnues
1712 4504 1888 4576 Monacbus
1915 4505 1957 4574 Θ
1982 4501 2055 4576 Ab·

1296 4612 1373 4698 bas,
1400 4609 1522 4702 tuisque
1555 4601 1781 4700 subcessoribus
1815 4610 1857 4679 ab
1881 4605 1964 4676 omni
1984 4623 2054 4698 per-

1294 4709 1369 4798 sona
1393 4711 1552 4782 bominum
1569 4711 1657 4796 state
1681 4710 1726 4777 (9
1748 4709 1907 4800 observate
1926 4705 1979 4797 seo
2003 4703 2054 4772 de·

1290 4810 1418 4902 sendere
1449 4815 1631 4884 deleamus.
1670 4815 1765 4904 ,Quod
1786 4809 1819 4893 fi
1843 4811 1947 4880 omnia
1981 4806 2053 4896 bec,

1295 4939 1354 5011 que
1382 4914 1529 5009 superius
1561 4915 1701 5008 legitur,
1731 4938 1791 4982 non
1822 4908 2057 5004 servaverimus

1296 5017 1350 5086 vel
1384 5017 1684 5113 adimpleverimus,
1713 5033 1770 5107 pro
1803 5011 1915 5108 quibus
1948 5009 2059 5102 surita

1297 5143 1371 5188 vace
1404 5117 1538 5192 dicimus
1568 5140 1628 5217 per
1662 5121 1767 5190 Deum
1801 5114 2058 5286 omnipppleenpm,
