4560 6146
293 455 374 544 ης
600 420 1120 516 DrsssnTATro
1174 417 1479 512 TERTIA.
1713 440 1795 539 146

228 575 297 650 que
326 551 512 648 Proceres3
549 573 632 620 nam
660 543 815 643 piissima
842 543 916 645 ejus
943 547 993 618 A·
1022 546 1057 620 A
1082 540 1196 638 paucis
1219 539 1484 636 ceufiutiemibus
1511 543 1630 618 Italiae
1654 543 1852 621 Primatibut

228 651 290 726 via
313 652 455 725 Adelnis
482 648 632 750 Augusta
659 648 787 722 Ticini
807 667 891 722 tunc
911 673 993 722 con·

228 751 364 842 srllens,
390 753 535 852 negotia
564 753 665 824 illins
694 752 930 852 procurabat3
958 751 993 823 δι

229 857 389 930 Veronae
431 859 543 928 Anno
588 857 676 951 983.
719 852 834 926 italici
880 851 994 952 Regni

228 957 390 1032 Comitia
437 953 593 1030 habuit.
643 959 824 1030 Praeterea
866 953 994 1046 Johan·

227 1083 289 1134 nes
323 1054 626 1156 Archiepiscopns
662 1061 867 1150 Rauennae,
904 1081 993 1131 unus

229 1186 273 1238 cx
322 1161 460 1236 ltalrcis
508 1160 759 1254 Principibus,
798 1185 867 1232 una
911 1183 993 1231 cum

227 1258 418 1362 willigiso
439 1259 711 1358 Arcbiepiscopo
742 1259 990 1360 Mogontino‚

227 1361 348 1466 ipsum
385 1360 597 1461 Aquisgruni
632 1360 671 1436 in
709 1366 841 1539 Regem
886 1362 990 1438 inun-

230 1463 324 1555 xit,
358 1465 393 1538 δι
428 1462 641 1553 coronavit,
677 1463 731 1537 uti

232 1565 437 1642 Chronicon
483 1563 817 1640 Hildesbeimenle.
859 1565 989 1642 Postre-

232 1691 330 1742 mum
357 1665 449 1740 diem
477 1663 572 1738 obiit
598 1669 691 1742 Otto
719 1670 785 1742 lll.
813 1666 884 1742 stne
912 1695 990 1766 pro·

232 1768 267 1844 le
302 1771 407 1840 Anno
442 1769 534 1840 Mil.
571 1765 634 1842 sub
670 1795 744 1862 quo
778 1769 871 1866 apud
906 1775 993 1844 Eru-

228 1868 323 1942 ditos
348 1869 418 1966 jann
445 1866 629 1943 firmatum
656 1869 728 1961 est,
761 1873 910 1946 minime
936 1871 990 1946 in·

224 1966 386 2044 stitutum
423 1967 526 2044 soille
551 1974 759 2072 Collegium
795 1975 989 2072 Septemvi-

224 2071 298 2146 cale
334 2069 541 2148 Riedonum
578 2075 752 2172 imperii,
795 2093 835 2149 ut
871 2075 988 2175 proxi-

226 2197 284 2248 me
311 2173 513 2346 praetegtis
539 2175 693 2249 Saeculis
717 2177 989 2352 pulgofirlepgtpta·

225 2289 349 2348 turne
388 2327 398 2348 .
471 2293 570 2350 trono
596 2303 681 2378 ergo
731 2299 801 2352 asts
877 2307 897 2352 n
938 2307 990 2372 o,

1087 643 1683 846 3253‘’illnllsllnlilln
1698 649 1853 828 sill

1088 845 1249 948 piscopos
1276 848 1310 920 in
1340 852 1521 923 Reuehalia
1553 880 1622 924 eum
1647 856 1792 930 omnibus
1816 858 1852 929 Ι·

1086 951 1189 1024 tuiiue
1212 949 1411 1024 Primatibus
1435 954 1624 1050 colloquium
1641 956 1788 1049 statuit,
1814 987 1853 1032 u·

1085 1053 1121 1128 li
1146 1077 1242 1150 quum
1266 1052 1397 1145 diversa
1420 1060 1462 1126 de
1488 1057 1600 1154 Regni
1625 1060 1760 1154 negotiis
1785 1084 1854 1136 tro·

1085 1149 1237 1250 slaffent,
1271 1155 1423 1230 Arduini
1441 1155 1549 1253 spreto
1572 1159 1733 1252 dominio,
1769 1165 1853 1260 qued

1084 1256 1736 1357 molismibususurpuverut,iiemieum
1745 1269 1851 1341 rheu·

1083 1358 1220 1432 emirum
1238 1359 1376 1452 seientia
1398 1361 1573 1456 illustrem,
1598 1367 1699 1438 motis
1716 1369 1852 1466 fertiffi·

786 1463 866 1538 dem
901 1463 992 1539 sacit
1020 1455 1051 1528 B
1082 1487 1195 1553 mum,
1235 1463 1435 1560 militumque
1471 1466 1570 1562 copiis
1606 1471 1850 1566 abundantem,

1083 1591 1120 1635 uc
1136 1563 1273 1636 divitiis
1290 1565 1500 1660 effluentem,
1519 1569 1652 1666 Elegit.
1674 1576 1851 1650 Omnium

1084 1684 1203 1740 tumen
1238 1664 1329 1740 benc
1360 1667 1401 1742 in
1427 1694 1502 1743 rem
1540 1670 1851 1770 praestantissimus
1946 1733 1953 1746 ,

1083 1766 1242 1867 scriptor
1267 1767 1411 1844 accedat
1437 1769 1624 1846 Ditmnrus
1654 1775 1850 1878 Episcopus

1082 1867 1403 1970 Merseburgensrs,
1437 1872 1503 1970 qui
1538 1871 1613 1972 posi
1646 1901 1848 1956 enarratum
1930 1911 1945 1925 ·

1084 1971 1197 2046 Libro
1224 1977 1288 2046 lV.
1313 1971 1492 2048 Chronici
1526 1973 1718 2074 ingressum
1749 1984 1849 2055 Hen·
1993 2049 1996 2056 .

1081 2071 1149 2146 rici
1175 2071 1214 2148 in
1241 2073 1408 2166 ltaliam,
1434 2073 1521 2149 hacc
1544 2075 1588 2150 de
1614 2077 1682 2153 illo
1705 2080 1847 2158 subdit:

1081 2173 1155 2260 Poll
1179 2179 1254 2250 baec
1285 2177 1425 2274 Pupium
1457 2177 1601 2264 militant
1636 2185 1771 2276 Urbem,
1807 2191 1850 2262 ul

1082 2277 1331 2365 Arrbiaurislite
1357 2276 1452 2376 (boc
1477 2278 1525 2352 est
1549 2281 1571 2352 l
1596 2283 1849 2362 Mediolanen.

226 2372 321 2451 inter
347 2375 494 2452 italicos
521 2375 704 2480 Principes
729 2379 853 2454 eodem
881 2386 992 2456 Anno
1023 2379 1054 2450 C
1080 2375 1104 2450 fi
1131 2375 1439 2482 Archiepiscopo)
1467 2381 1513 2452 (9⁶
1545 2386 1569 2454 ri
1599 2385 1722 2456 Primis
1757 2389 1850 2459 illiue

225 2479 318 2554 Mil.
352 2477 478 2579 ingens
502 2481 706 2556 animorum
734 2482 923 2556 contentio
949 2510 991 2557 ac

227 2577 355 2656 divifio
377 2579 520 2656 emersit
553 2583 598 2656 de
625 2583 825 2658 Successore
858 2584 989 2685 eligen-

227 2679 295 2757 rlo.
333 2685 415 2758 Pars
440 2711 510 2758 una
546 2682 608 2758 fibi
643 2687 838 2758 Arduiuum
871 2693 988 2783 Epore-

225 2784 298 2858 diae
317 2787 533 2860 Murcbiouem
552 2784 743 2884 praefecit,
771 2789 879 2861 altero
901 2795 988 2860 Heu.

228 2885 330 2958 eitum
347 2891 391 2958 ll.
409 2891 623 2962 Germaniae
643 2893 797 2988 Regem,
817 2888 881 2988 qui
901 2893 989 2964 Cae·

230 2983 341 3058 litum
369 2986 482 3086 pollen
515 2989 600 3062 albo
628 2987 815 3080 inscriptus
840 2989 906 3064 cll.
943 2994 989 3064 Il·

230 3085 294 3164 lud
318 3092 549 3186 exploratum
581 3090 765 3181 habemus,
800 3110 991 3192 utrumqne

229 3213 305 3262 oon
331 3187 396 3263 nili
430 3216 490 3292 per
523 3190 745 3266 Electionem
782 3195 989 3268 Italicorum

1081 2480 1217 2576 regionis
1235 2480 1418 2578 susceptus,
1443 2509 1513 2556 cum
1535 2485 1728 2560 admirabili
1751 2493 1849 2562 laude

1082 2583 1128 2652 ud
1153 2585 1246 2657 Ercle
1259 2609 1325 2656 rum
1348 2584 1503 2677 ducitur,
1539 2586 1585 2656 (θ’
1607 2589 1765 2660 communi
1800 2597 1851 2663 E.

1081 2682 1211 2756 leilieue
1243 2683 1459 2778 sublimatur,
1497 2686 1533 2762 in
1563 2687 1682 2782 solium
1723 2696 1850 2792 Regale

1080 2787 1265 2860 collocatur.
1302 2787 1435 2863 Eadem
1462 2789 1558 2888 legas
1594 2789 1633 2865 in
1660 2791 1847 2868 Chronico

1083 2886 1182 2960 brevi
1211 2891 1348 2986 Regum
1379 2889 1506 2962 Italiae
1531 2891 1552 2962 l
1579 2915 1637 2964 me
1661 2893 1763 2966 edito
1790 2895 1849 2968 bis

1084 2985 1220 3062 verbis:
1250 2991 1289 3058 lu
1314 2989 1367 3058 die
1392 2988 1586 3076 Domitius,
1622 2991 1680 3085 qui
1698 2992 1770 3080 fuit
1792 2997 1848 3068 die

1058 3129 1059 3132 π
1083 3092 1142 3160 Xl.
1169 3085 1283 3168 menlis
1305 3087 1442 3180 Medii,
1468 3086 1554 3160 inter
1569 3087 1746 3175 Bujilr'cum
1763 3099 1850 3166 Suu.

1082 3186 1126 3260 ili
1153 3187 1332 3279 michaeli,
1358 3213 1439 3284 quae
1462 3190 1585 3262 dieitur
1604 3190 1757 3288 Maiore,
1778 3195 1849 3287 suit

230 3289 470 3392 Principum,
512 3293 626 3380 Regni
664 3293 767 3395 hujus
803 3295 914 3371 titulo
949 3321 990 3370 nc
1022 3283 1055 3354 D
1083 3287 1213 3362 Eseslus
1246 3290 1429 3381 Heurieue,
1463 3293 1510 3364 (r
1542 3315 1707 3370 coronetur
1740 3299 1776 3370 iu
1795 3299 1848 3393 se·

225 3389 367 3466 ditione
393 3393 534 3468 ensium
570 3392 691 3472 fuisse.
730 3397 826 3470 nudi
856 3400 987 3471 Amul·
1080 3393 1180 3464 tundo
1204 3391 1276 3466 die.
1301 3391 1466 3468 Chorum
1486 3395 1629 3471 claudat
1653 3399 1849 3494 Diploma,

226 3493 336 3586 pbum
365 3495 669 3571 Mediolanensem
692 3497 845 3616 ejusdem
866 3503 988 3574 Saecu-
1082 3491 1177 3591 quod
1196 3497 1397 3594 Calell.
1410 3495 1636 3592 Antiquitat-
1657 3497 1848 3574 Estcnliunn

226 3594 257 3670 li
284 3594 502 3672 Historicum
522 3595 559 3672 in
582 3599 788 3690 Chromco,
816 3601 909 3698 quod
929 3599 987 3676 ba·
1083 3593 1245 3692 protuli,
1278 3596 1300 3668 ὲ
1325 3591 1527 3668 Ticinenlis
1561 3595 1745 3696 Episcopii
1772 3603 1848 3674 Ta·

228 3696 287 3772 bes
314 3701 435 3772 *sorno
463 3702 526 3772 lV.
552 3703 634 3774 Rer.
666 3703 818 3776 italicar.
847 3703 931 3778 Lib.
960 3707 987 3776 l.
1083 3696 1221 3770 bulario
1246 3693 1500 3794 depromtum,
1535 3697 1597 3771 ubi
1624 3697 1720 3773 idem
1747 3702 1848 3775 Hen·

230 3801 318 3896 Cup.
346 3823 405 3876 ta.
429 3807 526 3874 Tune
548 3803 719 3876 audoinus
745 3805 899 3900 quidam,
934 3831 986 3876 no·
1083 3797 1175 3872 ricus
1207 3797 1385 3897 Augoslus
1420 3803 1532 3874 Anno
1565 3801 1713 3875 MXlV.
1749 3807 1849 3878 Mar.
1911 3843 1917 3856 κ

231 3899 309 3973 iilis
332 3903 544 4001 Hippomgiue
566 3905 735 3994 Murchie,
760 3909 783 3976 i
807 3909 986 4003 Langobar·
1079 3900 1217 3971 ebionem
1253 3901 1404 3973 Oiertum
1443 3898 1625 3976 Atestinae
1668 3903 1846 3982 Familiae

229 4003 283 4076 dis
306 4008 431 4102 Papiae
453 4006 625 4102 Eligitur,
652 4007 697 4076 Θ
718 4030 850 4080 vernem
873 4008 992 4100 Caesar
1081 4019 1349 4100 propagatorem
1379 4000 1632 4101 perduellionis
1666 4002 1846 4083 damnasse

229 4103 336 4204 (ride
362 4106 539 4182 insuetum
554 4106 711 4180 nominis
728 4107 990 4207 usurpationem
1081 4127 1148 4179 una
1175 4127 1256 4176 cum
1292 4101 1368 4202 ejus
1404 4102 1511 4176 Filiis
1536 4129 1579 4177 ac
1606 4107 1749 4204 Nepote
1772 4113 1847 4182 Ar·

228 4204 267 4282 in
295 4207 432 4283 italicis
457 4209 599 4281 tantum
626 4210 807 4309 Regibus)
831 4214 875 4283 eb
891 4215 988 4284 emni-
1020 4191 1049 4262 Ε
1080 4201 1349 4304 succingitur,
1374 4204 1469 4302 quod
1495 4202 1560 4305 ipsi
1587 4231 1651 4303 pro
1677 4209 1847 4286 Arduino

228 4311 307 4401 ius,
324 4317 474 4408 Regnum
484 4310 686 4406 perambulat
699 4312 902 4404 ueroeesum.
919 4311 990 4386 nd.
1081 4305 1195 4381 rursus
1222 4305 1316 4380 bella
1352 4305 1540 4406 gesserint,
1574 4306 1737 4405 postquam
1761 4311 1849 4408 (itu

226 4411 282 4486 dit
309 4410 456 4486 subinde
481 4414 571 4511 Cap.
602 4433 660 4504 14.
688 4410 886 4491 Henricum
905 4417 987 4488 Ger·
1083 4407 1113 4482 is
1139 4407 1244 4507 ait,)
1280 4433 1337 4480 nes
1361 4407 1397 4480 in
1424 4435 1526 4508 regem
1552 4411 1598 4482 el·
1624 4415 1848 4510 imperatorem

226 4511 371 4587 maniae
397 4515 551 4612 Regem,
576 4509 772 4608 pmfligato
798 4513 991 4608 Andesina,
1084 4513 1282 4606 Elegerunr.
1435 4579 1438 4588 ,
1850 4601 1855 4612 ⁴

227 4611 376 4690 ltaliam
402 4609 611 4710 ingreffum,
638 4615 698 4689 ubi
721 4625 795 4688 Rex
811 4617 925 4705 statim
944 4623 991 4691 E·
1133 4614 1255 4710 Atque
1283 4609 1450 4688 builenus
1469 4616 1585 4714 palem
1605 4613 1775 4701 fecimus,
1802 4611 1847 4688 acl

226 4715 349 4806 lelius,
370 4713 490 4809 suoque
511 4717 576 4810 pull
592 4737 726 4816 tempere
744 4725 910 4792 Romanus
927 4725 991 4794 lm·
1080 4740 1121 4788 ea
1147 4713 1255 4814 usque
1291 4730 1451 4814 tempora
1487 4715 1630 4792 firmum
1665 4712 1847 4813 perstitisse

225 4815 575 4918 permoreffelimesl.
595 4820 825 4920 Landulpbus
846 4823 991 4913 Senior,
1081 4816 1120 4890 in
1157 4815 1296 4892 italicis
1333 4816 1559 4912 Principibus
1598 4816 1654 4914 jus
1688 4813 1849 4915 eligendi

229 4917 429 4996 Hilloricus
458 4915 817 5018 supramemoratus,
845 4926 881 4996 δι
917 4922 991 5018 ipse
1080 4916 1143 4994 fibi
1181 4923 1338 5022 Regem,
1375 4919 1649 5022 legitimumque
1669 4915 1775 5034 ‘illud
1811 4945 1851 4994 a·

130 5085 136 5095 .
230 5017 526 5112 Mediolancnfis,
553 5022 588 5095 ἃ
611 5023 789 5123 Arnulphi
810 5025 993 5122 aequalis,
1081 5021 1224 5123 gnitum
1251 5022 1351 5098 suilse
1377 5023 1420 5096 ab
1437 5019 1606 5096 'Henrico
1626 5033 1739 5092 ettam
1770 5021 1849 5097 Pri·

229 5121 316 5200 Lib.
342 5125 386 5194 ΙΙ.
408 5121 586 5203 Hilloriae
603 5123 760 5227 scripsit,
778 5125 992 5202 ·Arduinum
1080 5151 1141 5202 mo
1167 5125 1263 5302 ippee
1288 5122 1483 5226 Augustos.
1517 5119 1628 5218 Quod
1653 5137 1774 5238 tamen
1800 5144 1850 5198 eo

325 5229 420 5309 sem.
444 5227 473 5300 l.
1018 5288 1022 5300 .
1684 5287 1689 5296 .
1751 5243 1794 5298 tn
