4534 6164
502 378 589 492 39,
822 369 1207 492 Anrroorr.
1253 369 1475 460 naon
1514 369 1690 462 aaut
1912 389 2001 470 σου
2191 426 2193 472 ,

441 497 554 575 Erant
580 507 700 578 autent
732 493 770 568 te
803 491 895 571 aliae
916 493 1089 582 Quae,
1114 519 1204 595 quea
1235 494 1271 568 A
1291 489 1427 576 &uersa
1441 491 1729 596 baeelegaotur:
1749 495 1955 571 Sodomita
1969 505 2077 570 Para*
2193 496 2195 538 ³

445 597 575 696 alatque
609 594 779 698 peculiari
805 595 940 688 venit,
967 613 1029 670 aut
1055 595 1212 699 imperio

445 699 625 799 Principis
647 698 811 774 dirimere
832 725 877 775 oe
898 697 961 802 ipsu
983 699 1126 802 quidem
1145 707 1203 776 Co·

1292 616 1398 697 mrum
1427 597 1472 670 θ’
1497 595 1602 668 miuus
1626 598 1808 669 Potentiam
1836 599 1883 668 ad
1914 596 2073 694 justitiae
2196 600 2199 678 ζ

1292 701 1452 792 sariendus
1471 699 1555 793 seint
1572 699 1640 788 fibi
1664 697 1721 797 effe
1745 701 1949 774 vocandam:
1975 701 2067 800 qui.
2200 742 2202 790 3

443 802 520 874 miri
542 801 671 876 Palatii
693 801 845 878 licebat.
869 807 1004 903 Atque
1020 804 1059 880 in
1077 828 1204 882 earum
1295 809 1360 879 bus
1384 801 1625 905 significatur,
1661 803 1754 878 nihil
1782 801 1939 876 vulneris
1964 801 2065 878 inla-
2202 812 2205 898 ξ

446 927 593 981 nurnero
627 900 813 1006 praecipua
847 903 1114 986 recensebantur
1141 910 1203 982 Po
1297 928 1371 982 tuna
1408 903 1594 982 latiffimae
1629 901 1836 980 austeritati
1864 901 2060 978 Comitum
2205 916 2208 1000 ξ

335 1054 338 1060 ·
446 998 642 1080 tentiorum
669 1006 949 1100 controversiae,
975 1010 1029 1084 uti
1057 1037 1122 1084 nos
1147 1008 1205 1084 do·
1298 1007 1449 1100 Palatii,
1485 1005 1540 1080 scd
1578 1004 1827 1080 tantummodo
1853 1001 2056 1078 consultum
2208 1022 2210 1070 l

446 1122 503 1180 cet
532 1109 611 1182 Lex
639 1111 774 1183 XLIII.
803 1109 929 1186 Caroli
959 1111 1085 1212 Magni
1115 1110 1208 1186 inter
1295 1111 1358 1186 reli
1386 1108 1460 1184 ioso
1486 1107 1598 1184 studio
1624 1127 1730 1210 atque
1756 1107 1893 1182 cauteli
1913 1103 2057 1181 neceffi·

445 1208 753 1309 La'nfflbanlieas,
772 1213 865 1284 Part.
886 1207 933 1286 ll.
947 1211 1058 1288 Tomi
1078 1215 1105 1287 l.
1126 1219 1206 1288 Rer.
1299 1137 1429 1287 tatibus
1457 1213 1674 1308 Pauperum.
2213 1196 2214 1224 ¹

445 1309 564 1383 Italic.
598 1306 787 1384 secuudum
824 1311 1018 1388 editionem
1050 1315 1206 1388 Goldalli
1347 1317 1447 1387 Unus
1471 1329 1587 1387 autem
1608 1311 1782 1386 Palatinus
1799 1317 1908 1383 Comes
1929 1309 1969 1383 in
1988 1311 2057 1384 Pa·

445 1408 502 1482 bis
521 1429 692 1507 concepta
714 1411 849 1488 uerbis:
878 1417 1000 1488 Nullus
1018 1423 1125 1488 Comes
1143 1424 1204 1492 Pa·
1242 1407 1386 1490 Blatio
1421 1419 1633 1490 Francorum
1671 1415 1806 1513 Regum
1843 1411 1886 1484 ad
1921 1409 2058 1486 illullre

446 1511 524 1584 latii
548 1511 645 1599 nostre·
667 1515 882 1586 Potentiorum
906 1514 1039 1613 Caaffoa
1057 1517 1130 1604 siue
1153 1543 1201 1590 uo·

439 1611 514 1700 stra
531 1611 665 1706 juffieue
681 1613 785 1707 fiua're
806 1618 987 1714 praesumat
1002 1647 1022 1706 ,·
1048 1619 1109 1712 sed
1134 1641 1202 1693 ton·

448 1717 518 1786 tim
542 1717 723 1812 Pauperum
751 1719 796 1788 o
828 1721 935 1792 miuus
960 1728 1130 1793 Parentum
1164 1723 1209 1796 ad

441 1814 588 1910 jusiitias
616 1816 784 1908 satiendas
811 1819 849 1914 se
875 1821 961 1914 sciat
985 1823 1206 1910 conflictatum.

447 1921 550 2010 Quae
560 1918 665 1992 verbe
680 1944 901 2019 nequaquam
914 1922 1118 2022 deprimunt
1133 1949 1205 1999 mu·

446 2041 513 2091 nus
537 2017 695 2092 Comitia
721 2021 900 2114 Palatini,
924 2025 998 2123 ejus
1020 2025 1204 2100 auotorita-

447 2135 521 2193 tem
550 2118 594 2191 ad
628 2143 716 2193 uuas
742 2123 937 2222 Pauperum
964 2125 1106 2200 Caussas
1142 2126 1205 2200 mi·

1298 1541 1422 1590 munus
1439 1514 1537 1590 suum
1553 1513 1742 1615 gerendum
1760 1510 1947 1588 consedisse
1961 1513 2006 1586 ab
2020 1539 2059 1586 a·

1297 1615 1453 1718 liquibus
1468 1616 1641 1690 creditur.
1660 1615 1832 1688 Attamen
1849 1638 2061 1688 monumen.

1300 1739 1333 1792 ta
1359 1745 1432 1792 non
1459 1717 1605 1808 desunt,
1632 1715 1731 1790 suilla
1758 1739 1829 1789 uno
1861 1713 2059 1813 eodemque

1299 1840 1456 1913 tempore
1477 1820 1587 1894 duos.
1615 1821 1655 1892 In
1682 1815 1836 1916 Epillola
1862 1817 1924 1890 ttl.
1947 1815 2057 1916 Egin.

1298 1921 1389 1996 barti
1419 1919 1480 1996 sub
1507 1918 1696 1996 Ludouico
1723 1917 1790 1992 Pio
1816 1936 2057 1992 memorantur

1297 2024 1458 2096 (lebuinus
1485 2024 1531 2094 (9·
1557 2023 1758 2094 teodbertus
1785 2020 1924 2091 Comites
1955 2019 2056 2092 Pasa·

1298 2125 1360 2216 n'e',
1385 2147 1535 2222 quorum
1555 2123 1664 2196 etiam
1683 2120 1839 2195 occurrit
1861 2119 1995 2194 mentio
2014 2120 2054 2193 in

447 2217 583 2318 nusque
614 2223 804 2296 Potentem
834 2225 1051 2300 coercendo:
1089 2225 1146 2301 sed
1172 2227 1208 2300 id
1300 2225 1500 2298 Annalibus
1519 2221 1762 2298 Fuldenfibus.
1788 2219 1873 2296 Alia
1893 2224 2055 2319 exempla

437 2319 701 2395 tantummodo
735 2321 917 2418 statuunt,
953 2344 993 2402 ut
1027 2353 1099 2402 non
1135 2345 1206 2402 tam
1239 2317 1270 2386 C

447 2420 553 2498 tacite
573 2421 614 2497 in
633 2422 770 2499 Cauliis
794 2425 1041 2502 Potentiorum
1068 2427 1204 2504 audien·

448 2523 503 2598 dis
528 2540 647 2598 totum
674 2541 838 2626 tempus,
863 2527 1084 2629 studiumque
1110 2529 1208 2605 suum

448 2624 516 2698 ille
547 2621 729 2719 insumat,
766 2631 980 2730 Pauperibus
1013 2629 1210 2732 negleblis,

425 2801 428 2816 ¹
451 2751 602 2824 quorum
628 2729 772 2828 negotia
796 2729 1021 2832 Principibus
1040 2759 1120 2808 vere
1143 2733 1211 2833 piis

421 2825 424 2836 '
449 2825 748 2922 Acutiliano,
777 2857 970 2931 eorumque
995 2832 1207 2935 Magistrati·

451 2928 515 3048 bus
530 2930 727 3006 accuratius
744 2935 959 3034 procuranda
974 2939 1211 3012 erant.1·lanc

402 3053 404 3060 ’
447 3027 550 3106 suad'e
584 3051 741 3108 mentem
769 3034 894 3110 Caroli
922 3036 1078 3133 Magni,
1113 3055 1207 3112 ante·

449 3131 574 3206 cedens
596 3135 829 3235 paragraphus
851 3137 969 3237 prodit
993 3137 1050 3213 his
1069 3140 1208 3214 verbis:

1299 2325 1410 2400 adfert
1436 2321 1688 2399 erudiuffimus
1712 2321 1946 2398 Mobillonius
1973 2347 2058 2396 con.

1298 2446 1350 2501 tra
1385 2425 1626 2528 Contingium
1660 2425 1703 2500 de
1737 2429 1790 2499 Re
1822 2421 2056 2518 Diplornatic.

1297 2527 1380 2605 Lib.
1405 2551 1438 2602 2.
1462 2532 1551 2628 Cap.
1580 2550 1636 2602 rt.
1661 2553 1759 2602 num.
1783 2549 1839 2623 14.
1864 2523 1971 2620 Quod
1993 2549 2055 2622 uc·

1362 2629 1505 2729 propibs
1539 2629 1738 2704 inslitutum
1772 2653 1890 2703 meum
1917 2623 2055 2701 contin·

1297 2731 1374 2830 git,
1400 2731 1491 2804 illud
1518 2729 1586 2822 esi,
1613 2729 1713 2806 luisse
1737 2729 1778 2804 in
1804 2727 1921 2805 caused
1945 2725 2060 2803 neces·

1299 2831 1413 2906 srtates
1441 2834 1680 2932 Populorum,
1708 2835 1980 2932 Regnorumque
2006 2829 2059 2903 di·

1299 2932 1469 3025 visiones,
1495 2953 1536 3008 ut
1563 2933 1683 3008 sensim
1711 2935 1826 3036 plures
1851 2931 2058 3008 inveheren-

1299 3055 1355 3110 tur
1378 3034 1541 3110 Comites
1569 3035 1719 3111 Palatii.
1747 3037 1801 3109 lta
1828 3033 1998 3110 conscilio
2018 3059 2058 3107 o·

1298 3137 1362 3211 lim
1390 3136 1430 3211 in
1467 3138 1565 3236 plura
1596 3142 1714 3238 Regna
1742 3141 1956 3210 Francorum
1987 3138 2058 3210 lm·

448 3237 502 3306 Ne
522 3253 651 3332 propter
672 3237 727 3308 hoe
749 3245 928 3336 Paupertate
951 3242 995 3310 cb
1018 3243 1124 3312 miuus
1148 3247 1207 3313 Po·
1241 3241 1275 3310 D
1300 3237 1419 3336 perio,
1445 3236 1577 3338 singula
1603 3265 1646 3313 ex
1674 3239 1719 3312 iis
1746 3235 1844 3310 suum
1870 3236 2057 3310 Comitem

449 3353 571 3421 aeuum
589 3334 739 3430 justiciae
759 3362 960 3414 remaneant.
988 3341 1046 3414 Ad
1068 3339 1152 3415 baec
1175 3368 1201 3414 a·

449 3434 569 3510 mabct
593 3435 720 3514 rescire
745 3438 986 3516 solertissimus
1012 3441 1208 3541 Augustus.

447 3534 486 3610 in
514 3559 620 3634 quam
647 3537 857 3616 sententiam
893 3545 1082 3618 inclinaret
1111 3545 1203 3618 Pala·

448 3637 493 3710 tii
520 3643 680 3731 Comes,
716 3643 858 3739 quando
894 3643 1116 3718 Potentiores
1151 3643 1205 3716 ad·

449 3740 569 3810 verslra
596 3743 767 3840 Pauperes
802 3759 864 3816 aut
897 3742 1015 3818 minus
1043 3747 1209 3818 Potentes

449 3834 662 3937 litigabant,
690 3841 850 3936 veritus,
878 3869 922 3918 ne
948 3843 1020 3944 ipsa
1048 3845 1206 3944 potentia

450 3938 607 4014 animum
634 3942 769 4034 Judicis
792 3944 830 4020 in
855 3944 1086 4021 transuersum
1112 3973 1205 4048 rape·

449 4055 522 4115 ret.
547 4043 714 4118 Ceterum
740 4045 824 4122 binc
842 4047 952 4123 etiam
976 4051 1114 4142 elucet,
1137 4075 1210 4124 non

1299 3339 1448 3415 habuere
1476 3339 1697 3429 Palatinum,
1723 3337 1840 3429 qualia
1868 3335 1963 3406 suere
1989 3339 2057 3406 Re·

1299 3467 1368 3542 gna
1398 3438 1614 3540 Aquitaniae
1648 3439 1682 3510 ἃ
1720 3431 1961 3534 burgundiae.
1999 3435 2056 3507 lta

1300 3541 1390 3642 apud
1408 3547 1622 3628 Germanos,
1642 3535 1854 3626 Britannos,
1876 3533 2056 3627 Polonos,

1300 3647 1334 3718 &
1362 3643 1551 3745 ilungaros
1578 3637 1648 3716 suit
1673 3638 1713 3714 in
1747 3635 1809 3712 usu
1843 3634 1965 3712 eadem
1992 3634 2061 3710 Di.

1300 3743 1439 3845 gaitae,
1475 3745 1599 3844 ibique
1633 3765 1743 3840 aeque
1767 3764 1807 3814 ac
1834 3738 1925 3836 apud
1951 3741 2062 3812 Fran·

1300 3873 1359 3920 cos
1385 3867 1514 3945 magno
1540 3845 1579 3920 in
1616 3845 1750 3920 bonore
1783 3839 1926 3916 habita.
1961 3839 2062 3916 Hinc

1302 3945 1428 4022 Italico
1456 3952 1600 4046 Regno,
1626 3948 1684 4022 vel
1708 3965 1792 4020 tunc
1817 3965 1926 4041 quum
1951 3944 2064 4012 Fraru·¹

1299 4073 1419 4124 corum
1457 4047 1613 4148 Imperio
1647 4047 1808 4137 suberat,
1843 4042 1921 4118 suus
1953 4037 2057 4114 datus

449 4141 569 4216 minus
609 4148 835 4245 Pauperum,
868 4175 975 4247 quam
1017 4154 1207 4225 Potentem
1239 4173 1268 4243 Ε
1300 4149 1347 4226 ell
1377 4158 1490 4224 Comes
1522 4149 1676 4240 Palatii,
1710 4173 1785 4247 quo
1818 4166 1942 4244 nempe
1974 4165 2061 4215 con·

450 4243 581 4319 auulsas
615 4246 818 4344 pertinuisse
851 4249 895 4325 ad
924 4251 1101 4326 Tribunal
1136 4255 1208 4329 Co·

449 4345 550 4421 mitis
579 4347 733 4438 Palatii,
758 4375 970 4448 quamquam
996 4354 1038 4426 ad
1061 4354 1123 4428 laas
1146 4377 1213 4455 po·

447 4447 587 4524 slremas
611 4450 845 4542 expediendas
870 4479 957 4555 opus
983 4453 1075 4528 soret
1102 4453 1209 4629 Regis

448 4552 573 4626 venii.
599 4553 752 4630 Accedit
778 4553 872 4654 quod
899 4557 937 4628 in
963 4559 1072 4630 MSto
1097 4559 1153 4632 Co
1179 4555 1205 4631 i·

449 4673 492 4726 ee
516 4655 654 4756 Legum
685 4655 1027 4759 Langobardicarum
1052 4658 1207 4734 adserva-

448 4771 490 4827 to
523 4753 822 4834 inBibliotlteca
857 4756 1011 4850 Eileoi,
1044 4761 1080 4834 bc
1115 4759 1206 4862 apud

447 4857 658 4949 Baluzium,
677 4863 758 4936 loco
773 4887 897 4939 eorum
912 4863 1121 4938 uerborum:
1142 4864 1210 4935 Sed

446 4962 575 5030 tantiam
608 4969 788 5062 Paupertate
822 4964 868 5034 Θ·
901 4965 1008 5036 minus
1040 4971 1208 5035 Potentem

448 5062 494 5136 ad
504 5057 652 5154 jusiitias
663 5065 831 5158 fanendor
840 5065 878 5162 se
888 5067 972 5164 sciat
988 5065 1209 5160 constiterunt,

1301 4251 1471 4328 suleretur
1497 4253 1713 4350 Populorum
1742 4245 1957 4332 commodo,
1981 4240 2072 4341 qui·.

1302 4358 1365 4429 bus
1390 4353 1653 4430 intolerandum
1672 4367 1769 4442 erat,
1792 4341 2065 4423 remotiffimane

1301 4463 1514 4534 Francorum
1551 4457 1807 4552 Imperatorum
1843 4447 1966 4524 Sedent
2003 4471 2061 4546 pe-

1300 4577 1398 4651 tere,
1432 4576 1473 4634 ut
1497 4552 1658 4632 Comitis
1693 4549 1850 4626 Palatini
1886 4547 2056 4650 judicium

1301 4659 1476 4736 subirent.
1502 4657 1677 4734 Ticinum
1703 4658 1816 4744 verb,
1841 4669 1967 4751 utpote
1993 4653 2056 4748 Re·

1300 4760 1360 4860 gni
1399 4759 1520 4836 italici
1555 4755 1802 4856 Metropolis,
1841 4779 1880 4828 ea
1917 4749 2067 4827 Civitas

1300 4861 1397 4948 suit,
1431 4860 1493 4937 ubi
1524 4859 1732 4936 Italicorum
1769 4855 1844 4932 usui
1873 4853 2061 4930 dellinatus

1303 4962 1430 5039 Palatii
1451 4968 1583 5039 Comes
1608 4964 1814 5064 plerumque
1838 4959 2060 5045 morabatur,

1298 5068 1332 5140 8¹
1360 5065 1416 5168 jus
1441 5065 1600 5143 dicebat.
1636 5065 1781 5158 Quanta
1811 5075 1928 5134 autem
1956 5057 2061 5174 Comi.

1967 5177 2012 5230 aas
