4628 6148
329 471 414 560 309
635 402 1030 560 aurinum.
1078 425 1306 530 araon
1349 427 1540 530 auur
1750 445 1866 558 με,

267 563 340 640 ιιι
359 562 492 640 fuerim
511 562 753 639 raanan&
774 559 1033 658 siconulphus,
1068 563 1102 637 ι
1122 559 1227 653 fiam
1246 561 1346 655 aaa
1363 563 1541 660 panna..
1562 563 1678 635 rma.
1698 585 1806 658 quaa
1833 552 1897 632 aa

269 664 355 742 satis
389 682 507 766 aperte
542 665 653 742 iidem
689 659 828 765 proseffi
864 659 966 755 sunt,
1002 662 1035 736 se

271 768 497 842 Lodovicum
528 771 573 841 ll.
592 765 789 867 Augustum
816 766 969 858 reuereri
993 791 1030 838 u·

269 869 301 942 ti
328 871 526 969 supremum
554 870 752 944 Donrinum
785 865 905 942 suum.
934 865 1031 940 Idem

270 969 455 1044 ostendunt
482 969 560 1044 asia
583 969 736 1044 Orionis
762 968 890 1068 Magni
919 970 1032 1068 Impe-

269 1072 419 1146 ratoris.
457 1069 589 1146 Nihilo
615 1087 734 1145 tamen
761 1069 894 1162 secius,
921 1067 945 1142 li
980 1069 1032 1144 su·

269 1197 426 1272 premam
463 1170 667 1270 potestatem
704 1169 890 1268 excipias,
925 1195 1032 1270 quern

270 1273 309 1348 in
338 1271 503 1373 Augustis
528 1273 820 1348 Occidentalibus
858 1299 1032 1373 agnovere

1119 660 1293 744 ,fecissent
1339 665 1450 762 Reges
1493 691 1538 738 ex
1578 661 1894 763 Langobardorum

1129 783 1254 866 gente,
1283 764 1524 839 beneventani
1552 767 1689 856 Duces,
1712 761 1806 862 quasa
1834 787 1909 847 eoa

1128 894 1204 941 rum
1235 866 1438 942 successores
1458 883 1518 938 aut
1546 863 1686 939 heredes
1711 861 1893 964 (quando-

1128 967 1270 1066 quidem
1298 967 1398 1042 tanrl
1432 965 1643 1040 aubioritate
1669 969 1704 1039 Se
1732 965 1893 1067 potentii

1131 1069 1276 1170 Populis
1288 1067 1442 1169 ejusdem
1460 1067 1630 1143 Nationis
1645 1067 1757 1142 adhue
1775 1091 1893 1167 praee-
2042 1077 2046 1085 '

1128 1173 1236 1270 rant)
1273 1167 1342 1245 suis
1378 1169 1518 1244 Titulis
1559 1173 1710 1244 alterurn
1749 1193 1891 1268 quoque

1128 1272 1357 1364 addiderunt,
1373 1270 1407 1346 se
1426 1270 1657 1346 inscribentes
1673 1273 1788 1344 Gentis
1802 1273 1893 1343 Lan·

269 1379 387 1450 Duces
432 1375 700 1468 Beneuentani,
741 1389 883 1473 propter
923 1399 1031 1472 quam
1124 1377 1331 1470 gabundanana
1350 1375 1534 1472 Principes,
1555 1373 1608 1448 uti
1635 1376 1746 1448 multa
1767 1395 1889 1447 comm

269 1501 393 1552 eorum
417 1476 577 1568 laninas,
597 1475 666 1551 boe
691 1476 737 1550 eli
756 1475 843 1569 Vaffa
867 1475 1031 1569 fuerunt,
1072 1481 1101 1553 B
1129 1479 1335 1577 Diplomata
1371 1475 1476 1577 apud'
1498 1474 1741 1577 Peregrinium
1777 1477 1819 1547 δι’
1840 1478 1893 1547 U·

268 1577 305 1650 &
332 1595 469 1677 praeter
503 1577 851 1677 aliquodtributum
881 1577 924 1651 ab
950 1576 1031 1678 ipsas

270 1678 430 1753 Ducibus
466 1677 754 1778 persolvendum,
791 1679 887 1778 quod
922 1681 1032 1754 Anno
1073 1767 1076 1774 ,

269 1781 509 1857 DCCClllV.
546 1779 703 1872 ascendit
721 1781 773 1857 'ad
801 1782 921 1878 septem
946 1784 1029 1855 sala·

268 1881 379 1956 larua
412 1883 541 1976 millia,
568 1909 609 1958 aa
642 1883 769 1960 deinde
828 1883 945 1958 enisus
981 1883 1032 1958 su·

270 1985 407 2058 blatum
430 1983 498 2058 est:
521 1985 701 2084 reliquunt
717 1909 896 2088 potesatis
914 1986 949 2057 δι
974 2011 1029 2059 au·

267 2081 449 2160 &utitatis
475 2083 546 2161 fuit
572 2112 676 2188 penes
702 2087 795 2186 ipsos
822 2089 938 2160 Duces
962 2111 1033 2160 non

266 2184 444 2260 absimiles
470 2187 609 2285 aliquot
642 2187 780 2262 Italicis
808 2187 927 2262 Princi
955 2188 1033 2264 ibus

268 2285 462 2360 nostrorum
490 2304 712 2382 temporum,
732 2288 794 2389 qul
822 2289 897 2386 jura
920 2215 1031 2390 ssapre·

1128 1577 1323 1680 ghellium‚
1352 1597 1457 1678 atque
1483 1575 1523 1652 in
1548 1577 1616 1652 boc
1642 1582 1757 1672 Opere
1784 1573 1892 1663 lideaa

1130 1679 1288 1756 faciunt.
1325 1683 1374 1754 Et
1413 1693 1626 1780 quamquain
1662 1676 1892 1753 Grimoaldus

1135 1779 1284 1857 Arichisr
1312 1780 1409 1856 filius
1435 1785 1569 1872 Carolo
1595 1786 1651 1855 M.
1679 1779 1747 1854 sese
1774 1778 1892 1854 subdi·

1129 1883 1241 1976 derit,
1262 1883 1384 1958 eodem
1409 1883 1661 1981 Ercbemperto
1680 1883 1786 1975 telie,
1806 1905 1892 1956 con·
1920 1909 1924 1918 ·

1129 1985 1327 2060 ditionibus
1348 1986 1532 2060 nonnullis
1558 1985 1627 2060 sese
1649 1985 1890 2087 obstringens,

1129 2088 1226 2161 breui
1253 2105 1370 2160 tamen
1399 2086 1495 2160 suam
1519 2085 1769 2161 Autoeratianr
1795 2112 1891 2161 rece·

1129 2189 1203 2288 pit.
1227 2187 1466 2262 Mabillonius
1491 2186 1529 2261 in
1549 2185 1716 2262 additam.
1741 2186 1783 2260 ad
1803 2193 1891 2288 Sup·

1131 2292 1346 2386 plemcntum
1388 2287 1431 2363 de
1472 2291 1524 2364 Re
1565 2287 1808 2389 Diplomatica
1843 2313 1889 2364 ex

269 2411 327 2462 rua
354 2408 542 2482 exercent,
569 2417 609 2466 ac
637 2393 750 2466 veluti
786 2396 897 2493 Reges
923 2390 1031 2490 impe·
1066 2403 1107 2474 C
1129 2389 1290 2466 Arcbivo
1306 2389 1479 2465 Cafinensr
1495 2389 1628 2488 prolert
1645 2394 1760 2466 Notas
1774 2391 1892 2466 Cbro·

267 2508 374 2582 rant,
413 2517 627 2592 quamquam
669 2498 832 2568 Romano
878 2492 1032 2592 Imperio

267 2593 302 2665 dt
339 2592 528 2694 Augustis,
558 2595 721 2694 praestito
762 2593 947 2668 fidelitatis
982 2593 1016 2669 sa

267 2697 685 2871 panemmbnoaiip
721 2693 890 2874 Agpltppi,
905 2723 1032 2873 nisenii

268 2821 792 2995 tiriipioiibisisadiijbdibniiuair
810 2900 941 2992 titulo,
960 2825 1033 2997 (18ιο

268 2996 353 3069 duna
379 2995 474 3068 stetit
503 2999 818 3098 Langobardorum
847 3005 1030 3100 Regnum,

1128 2491 1308 2592 nologicas
1328 2490 1547 2594 Diplomaris
1565 2491 1767 2567 Grimoaldi
1787 2491 1891 2569 Pria·

1127 2593 1238 2692 cipis,
1272 2595 1366 2692 quod
1409 2594 1529 2669 datum
1571 2594 1723 2671 dicitur:
1762 2597 1890 2692 Quinta

1126 2703 1246 2790 Anao,
1275 2696 1387 2778 Mense
1404 2697 1572 2792 Augusto,
1596 2698 1711 2770 Tertia
1735 2699 1890 2770 indidiss-
1962 2707 1964 2715 ’

1127 2828 1184 2890 aa,
1205 2795 1246 2871 ad
1267 2799 1427 2872 eumdem
1448 2800 1698 2874 Grimoalduru
1725 2800 1886 2876 Primum

1125 2898 1296 2988 reserens,
1314 2900 1399 2990 sarri
1421 2903 1505 2997 quad
1520 2901 1727 2972 Grimoaldus
1744 2929 1805 2972 nan
1816 2904 1888 2992 sta.

1125 3001 1184 3070 rim
1201 3002 1224 3070 al
1242 3020 1338 3070 morte
1356 3002 1466 3072 Patris
1484 3005 1645 3072 Ducarum
1667 3001 1797 3078 inierit.
1820 3003 1887 3080 Sed

269 3099 344 3194 ejus
372 3097 601 3172 Praecelsores
627 3097 766 3175 fuerant
792 3099 864 3191 uli,
883 3103 1030 3175 titulum
1096 3189 1102 3200 ι
1126 3099 1275 3176 minime
1295 3099 1549 3176 animaduertit
1571 3101 1628 3176 vir
1650 3127 1819 3296 magnus,
1842 3105 1889 3178 il·

268 3198 431 3295 Principis
456 3197 656 3298 assumpit,
684 3199 963 3302 significaturus,
991 3225 1029 3278 ut
1126 3203 1173 3275 lic
1199 3201 1257 3302 agi
1277 3200 1319 3275 de
1337 3203 1522 3274 Grimaaldo
1547 3207 1592 3276 ll.
1616 3204 1799 3298 Saurania,
1823 3205 1887 3307 qui
1986 3221 1990 3227 ·

267 3319 381 3400 puro,
408 3297 581 3397 seipsum
610 3305 722 3378 veluti
760 3309 891 3404 Regem
919 3303 1027 3405 regio·
1065 3301 1228 3400 Dalteri
1263 3299 1420 3376 suceeffit
1446 3306 1556 3377 Anno
1581 3304 1666 3379 Chr.
1695 3308 1781 3382 806.
1805 3305 1889 3384 An.

266 3400 323 3478 nis
349 3401 467 3474 illius.
499 3405 605 3476 Nunc
631 3403 739 3478 etiam
767 3405 862 3482 inter
891 3409 1027 3505 Neapo-
1126 3430 1171 3479 no
1206 3421 1324 3479 autem
1353 3411 1438 3481 810.
1465 3405 1670 3482 decurrebat
1704 3408 1780 3510 ejus
1807 3418 1887 3486 Aa.

266 3502 400 3578 litanos
419 3507 581 3579 Proceres
598 3505 707 3606 pluris
723 3507 1024 3583 aestimaturPra'n·
1062 3571 1064 3576 .
1124 3533 1184 3578 nus
1211 3511 1248 3579 V.
1275 3507 1319 3576 Θ
1344 3505 1482 3580 ladislai
1507 3508 1638 3582 Tertia.

266 3606 348 3704 ripis
381 3633 486 3706 quam
523 3609 624 3680 Duris
663 3604 884 3709 appellatio,
920 3634 1027 3708 quum
1173 3611 1250 3698 Jam
1278 3606 1424 3699 monui,
1451 3605 1532 3682 ideo
1559 3607 1602 3683 ab
1622 3608 1790 3712 Augustis
1815 3615 1888 3688 Oc.

268 3727 386 3782 tamen
423 3709 505 3783 aliis
541 3709 580 3781 in
615 3711 706 3785 locis
741 3709 877 3786 diversa
903 3709 1028 3810 opinio
1126 3706 1360 3782 cidentalibus
1395 3707 1521 3784 mitius
1558 3707 1675 3786 adium
1706 3737 1786 3789 cum
1813 3719 1888 3788 Dn-
1929 3769 1932 3774 -

202 3811 205 3817 '
267 3807 402 3908 jamdiu
429 3809 644 3884 invaluerit.
672 3815 795 3910 ltaque
821 3811 968 3886 Arichis
995 3809 1028 3887 se
1123 3810 1209 3882 ribus
1233 3809 1303 3884 sive
1337 3809 1542 3908 Principibus
1575 3817 1776 3908 Beneventi,
1803 3817 1888 3892 ube·

266 3908 492 4001 sacrandum,
520 3907 590 3984 five
615 3911 856 4014 inungendum
883 3912 1026 4016 Episeo·
1123 3911 1322 4009 rioremque
1336 3909 1497 3984 relic'lam
1513 3911 1772 3990 dominationis
1787 3942 1886 3992 mera.

266 4010 325 4131 pis
357 4011 515 4103 obtulit,
544 4013 579 4084 dt
607 4016 750 4088 Coroni
775 4003 826 4089 ell
857 4013 957 4106 usus,
991 4017 1026 4088 δε
1124 4010 1236 4087 suram
1260 4029 1338 4084 tuna
1362 4011 1430 4101 iis,
1450 4029 1527 4084 tum
1550 4013 1755 4111 Prinar'pr'bas
1777 4021 1887 4091 Salar.

265 4139 315 4212 rn-
351 4111 500 4212 reliquis
535 4139 636 4213 agere
673 4115 876 4216 Principem
912 4113 1026 4215 supre-
1125 4110 1440 4206 auraemalae
1457 4117 1607 4212 Capuae,
1628 4115 1800 4216 aliisque,
1825 4147 1887 4195 an·
1971 4185 1974 4196 .

266 4238 365 4291 rnurn
403 4215 541 4314 coepit.
577 4213 676 4316 Audi
711 4217 1027 4318 Erebempertum,
1068 4213 1264 4324 Ethuum
1300 4216 1479 4288 Ducatum
1516 4217 1803 4308 Beneuentanum
1831 4223 1886 4297 in.
2004 4209 2012 4216 ⁸

266 4321 392 4392 Leone
415 4315 562 4393 Ollieali
590 4317 738 4392 telleia
765 4318 936 4395 Chronic.
955 4322 1035 4394 Ca·.
1122 4331 1177 4390 ter
1203 4313 1237 4389 se
1263 4313 1427 4414 partitis,
1455 4339 1500 4389 ne
1526 4314 1559 4390 se
1580 4317 1743 4396 Orientis
1770 4327 1886 4420 Impo-

268 4417 388 4498 finens.
430 4421 513 4494 Lib.¹
545 4443 576 4494 a.
601 4423 691 4519 Cap.
725 4445 762 4520 9.
789 4419 841 4494 ita
880 4423 1026 4518 loquen·
1124 4416 1322 4509 ratoribus,
1356 4415 1419 4514 qui
1448 4416 1617 4504 finitimis
1651 4419 1691 4495 in
1729 4425 1884 4500 Urbibus

265 4538 362 4596 tem:
381 4523 722 4619 HieAra'chr‘rprlmur
734 4523 914 4595 Beneventi
927 4523 1024 4593 Prin·
1124 4519 1338 4619 regnabant,
1356 4517 1647 4620 adjungerent,sr
1667 4524 1807 4619 quaudo
1822 4524 1885 4598 du·

266 4628 371 4721 ripem'
382 4623 420 4718 se
436 4624 595 4720 appellari
614 4623 731 4718 juffir,
751 4649 847 4721 qnuna
871 4623 1027 4721 usquead
1122 4619 1198 4694 rius
1214 4617 1424 4693 haberentur
1443 4623 1485 4694 ab
1499 4620 1790 4698 Occidentalibus
1806 4627 1886 4700 Au·
1986 4631 1989 4636 '

267 4729 383 4817 aarum,
409 4726 466 4824 qua'
490 4731 672 4798 Benevento
701 4727 927 4823 praefuerant,
954 4728 1026 4796 Du·
1123 4720 1247 4822 gullis.
1274 4723 1322 4796 Et
1347 4744 1467 4796 revera
1493 4746 1565 4796 non
1596 4720 1701 4794 semel
1729 4724 1884 4822 accidit,

265 4855 314 4901 ees
338 4829 592 4928 appellarentur.
618 4833 707 4898 Nam
732 4828 778 4898 o
794 4831 830 4899 al
860 4826 1027 4924 Eplsaapr's
1126 4841 1165 4896 ut
1191 4821 1261 4895 five
1286 4847 1464 4898 armorum
1498 4820 1536 4896 ui
1564 4819 1704 4913 annai,
1730 4821 1800 4900 save
1826 4825 1889 4928 spe

172 4937 182 4950 '
265 4931 346 5023 nnga'
378 4930 415 5024 fe
443 4929 547 5020 seria,
574 4928 620 4998 t‘?
652 4931 807 5002 Coronam
825 4927 892 5014 fill
927 4928 1023 5024 impr·
1125 4923 1269 5024 majoris
1298 4923 1460 5006 fortunae
1494 4921 1609 4998 illecti
1647 4921 1827 5026 Principes
1853 4931 1884 5007 ii
1923 4957 1930 4970 ·

259 5031 352 5126 fiala,
378 5051 470 5127 arque
497 5033 531 5102 r'n
550 5029 622 5120 suis
646 5029 777 5101 charris
795 5085 821 5120 ‚,
846 5027 1024 5128 Scriptum
1120 5023 1266 5100 Graecis
1284 5023 1522 5101 adhaeserint.
1538 5027 1579 5098 ln
1596 5023 1779 5103 Chronico
1798 5034 1884 5106 San.
1949 5041 1951 5046 '

267 5183 293 5222 ,‚
318 5130 358 5206 in
385 5127 612 5206 sacratissimo
637 5129 753 5204 nostro
780 5132 967 5223 Palatio„
991 5129 1027 5201 r'n
1123 5127 1174 5206 ai
1193 5125 1380 5302 Virppentii
1398 5127 1443 5206 ad
1461 5127 1678 5202 Vulturnum
1697 5153 1774 5230 pag.
1794 5155 1884 5234 4¹7⁰.
2025 5211 2031 5224 ,

320 5263 340 5283 ··
1337 5251 1359 5328 3
1734 5233 1831 5314 Part.

607 5381 622 5420 R
