4532 6154
273 489 359 600 ur,
588 473 1458 572 procurruuroocruuur
1682 479 1772 578 'utu

216 603 379 690 relaxare,
412 598 470 668 uri
500 595 643 694 pejorare
678 598 878 698 quesierimus
903 619 977 672 aute
1008 603 1039 674 A
1069 593 1190 696 sponte
1217 615 1278 672 aut
1304 597 1446 673 coaetus
1472 603 1671 679 recesserat.
1710 607 1748 678 sd
1775 621 1829 680 tu·

210 704 421 800 suprascripro
446 699 634 794 nussiruro,
666 705 817 802 promitto
851 731 899 776 rur
922 729 978 804 ego
1071 726 1149 774 rnen
1169 727 1247 776 raro
1267 699 1420 776 sosium:
1444 700 1557 778 immo
1578 725 1734 804 parentes
1754 712 1827 784 Co·

215 831 275 902 que
293 805 393 899 supra
415 809 537 898 ..Quuo
562 825 735 900 componere
761 807 821 880 ribi
837 809 975 881 Ambro-
1070 802 1201 896 mites,
1229 805 1283 879 uti
1310 802 1410 904 supra
1439 804 1584 897 monui,
1618 805 1713 882 filios
1740 837 1828 906 quo.

209 905 259 992 fio
294 906 466 1002 Episcopo,
503 907 559 978 uel
592 909 637 981 ud
664 905 879 1004 suecessoribus
912 911 976 983 ruis
1068 930 1135 1004 que
1162 905 1200 980 in
1228 905 1429 1006 hujusmodi
1456 933 1601 982 munere
1626 903 1828 985 successores

212 1029 329 1104 penum
353 1027 518 1104 argeutum
538 1009 658 1104 solidos
683 1011 798 1082 misse:
824 1013 901 1110 quia
928 1036 975 1088 re.
1069 1005 1194 1081 babere
1220 1007 1496 1084 consueverunt:
1527 1010 1626 1109 cujus
1652 1011 1761 1084 moris
1784 1009 1828 1084 il·

215 1111 292 1180 sirer
317 1111 400 1180 iuter
425 1133 480 1180 uos
505 1113 675 1186 convenit.
713 1122 761 1188 Et
786 1118 868 1187 duur
894 1117 977 1194 iuter
1068 1107 1170 1183 lustre
1204 1113 1409 1210 exemplum
1445 1111 1574 1210 prostat
1609 1111 1648 1184 in
1678 1113 1829 1209 Maiori·

216 1233 273 1282 uos
297 1211 450 1283 carulas
475 1222 606 1286 Petrum
623 1219 780 1290 clericum
806 1221 977 1295 Notarium
1071 1212 1133 1285 bus
1159 1213 1411 1288 celeberrimae
1432 1211 1643 1288 Comitissae
1677 1212 1830 1286 Mathil·

210 1311 344 1405 srribere
369 1317 571 1410 rogavimus.
1068 1311 1141 1386 dis.
1157 1313 1319 1415 Ejusdem
1335 1319 1489 1390 Proavus
1504 1315 1542 1390 in
1553 1313 1685 1388 Charta
1698 1369 1709 1404 ,
1723 1339 1829 1411 quam

228 1414 391 1494 ‚ossium
417 1423 525 1494 Lura.
1068 1417 1252 1516 evulgavit
1273 1417 1486 1492 Baccbinius
1511 1415 1550 1491 in
1569 1415 1726 1491 Historia
1745 1421 1830 1491 Mo·

111 1603 116 1608 Ι
224 1567 232 1583 -
265 1517 403 1614 Signum
420 1523 691 1620 munurAgurri,
718 1525 775 1624 qui
798 1528 879 1600 banc
897 1532 974 1601 car.
1008 1521 1036 1591 Β
1069 1517 1188 1591 naster.
1217 1517 1479 1596 Padosironens.
1506 1519 1662 1618 pag.'12.
1684 1521 1829 1620 Appen·

216 1616 288 1690 tuse
305 1617 386 1712 sieri
411 1625 561 1716 rogavit.
1052 1618 1137 1692 'dic
1153 1618 1203 1693 ita
1224 1619 1412 1710 inscriptus
1428 1615 1497 1696 suit
1517 1623 1627 1694 Anno
1644 1621 1830 1696 DCCCC·

236 1741 237 1744 ’
268 1726 340 1820 Ego
364 1720 546 1818 sigifredus
573 1727 762 1825 Episcopus'
781 1730 815 1802 iu
851 1732 904 1803 boe
938 1733 975 1804 ii·
1069 1723 1222 1796 vatt.
1249 1725 1452 1796 Adusbereur
1485 1723 1541 1820 qui
1567 1723 1612 1792 d*
1636 1727 1722 1795 Atto
1751 1747 1831 1822 gru.

217 1822 300 1898 desso
326 1841 453 1920 rogetus
478 1830 520 1900 ab
544 1836 706 1926 Agououe
724 1830 913 1930 subscripsi,
1070 1824 1119 1892 tie
1146 1829 1208 1896 Dei
1234 1831 1344 1896 Comes
1368 1823 1567 1908 Mutineufir
1580 1849 1598 1893 .·
1632 1849 1739 1922 quate
1775 1828 1830 1898 in·

268 1929 341 2022 Ego
366 1925 597 2023 ..suspendor
623 1952 750 2030 ungarus
773 1935 816 2006 ab
841 1941 979 2032 Hagm
1071 1924 1231 2024 telligis,
1259 1926 1373 2000 eidem
1401 1923 1615 2001 Mutinensis
1642 1923 1751 1998 Urbis
1777 1951 1829 2000 re·

217 2051 266 2123 rue
291 2026 364 2113 resse
383 2026 572 2126 subscripsi.
1066 2025 1185 2124 gimen
1221 2025 1321 2101 suisse
1347 2028 1592 2102 commissum.
1628 2031 1744 2102 Immo
1770 2053 1829 2100 eo·

269 2131 342 2224 Ego
388 2136 503 2204 Petrus
544 2133 686 2206 Clericus
710 2137 878 2208 Notariur
910 2138 980 2236 posi
1067 2128 1147 2199 dem
1188 2144 1370 2228 tempore,
1412 2155 1454 2204 ac
1493 2155 1573 2203 raro
1607 2127 1827 2228 priuilegio,

218 2229 345 2302 traditu
369 2235 525 2326 complevi
548 2236 593 2305 θ
616 2237 711 2311 dedi.
1070 2227 1229 2328 Regienst
1269 2229 1380 2305 etiam
1420 2230 1512 2304 Urbi
1549 2227 1662 2304 titulo
1696 2231 1830 2301 Comitis

271 2329 475 2406 franciscus
501 2333 619 2408 Maria
647 2336 890 2414 florentinius
915 2342 981 2418 Vir
1067 2328 1283 2428 impefssbssr
1319 2331 1374 2405 usi
1401 2333 1624 2432 ‘xpsfflsum
1662 2329 1829 2405 iubemus

219 2426 439 2506 destitimus
465 2434 677 2530 arbitratur,
703 2447 862 2534 osgarum
889 2429 1038 2518 huncC
1067 2458 1110 2504 tx
1146 2435 1255 2506 T0m·
1282 2437 1328 2504 V·
1355 2458 1432 2531 9²·
1473 2439 1581 2524 ¹582·
1618 2433 1699 2504 1³²¹·
1734 2435 1827 2506 3²⁶1·

218 2555 290 2604 non
319 2533 425 2608 modb
452 2531 551 2610 fuisse
577 2539 730 2610 Comitem
757 2547 886 2628 Lucae,
923 2544 978 2620 sed
1071 2531 1255 2631 Ughcllii,
1282 2532 1343 2608 ubi
1363 2458 1552 2607 exitiumue
1571 2531 1741 2632 Dipsunta
1761 2536 1828 2607 Ot-

217 2633 254 2708 &
281 2635 499 2706 Marebiourm
525 2637 678 2727 Tusciae,
707 2657 812 2738 atque
838 2642 875 2716 in
904 2670 976 2718 mr»
1034 2709 1039 2738 ,
1068 2633 1164 2707 tonis
1192 2637 1219 2708 s.
1241 2633 1412 2734 Augusti,
1439 2633 1595 2734 spebsans
1615 2632 1658 2706 ad
1677 2637 1825 2708 Annum

218 2749 379 2812 nument.
415 2734 616 2812 Mathildae
651 2741 861 2816 Comitissae
896 2747 980 2822 Lib.
1070 2739 1373 2813 DCCCCLXIV.
1413 2737 1448 2808 δι
1489 2734 1685 2811 concessum
1731 2736 1829 2806 inter.

218 2855 255 3008 Ξ.
283 2859 359 2934 pag.
390 2835 447 2911 16.
476 2840 647 3012 nonnulssa
667 2840 711 2914 de
730 2869 782 2962 eo·
798 2841 904 2920 refert
923 2876 974 2924 ru·

218 2959 302 3108 ..is
326 2943 979 3127 sustinuissetis}

217 3135 343 3252 sidem
385 3137 418 3212 se
444 3137 483 3214 in
516 3142 688 3245 ejusmodi
724 3145 896 3225 sententia
924 3153 979 3226 ad·

217 3237 340 3336 junxit
379 3239 531 3317 Cosmus
572 3244 616 3319 de
651 3249 770 3322 Arena
812 3250 851 3324 in
887 3253 981 3330 Serie

1067 2858 1167 2910 uentu
1194 2839 1238 2908 Φ·
1260 2837 1414 2934 peritiore
1437 2838 1613 2910 Ateibemi
1637 2835 1744 2908 incliti
1766 2843 1829 2908 Co.

1068 2939 1157 3009 ruitis
1182 2939 1350 3036 Regiensis
1369 2937 1444 3022 seue
1467 2937 1683 3022 Mutinensis.
1715 2935 1829 3011 Adai·

1068 3039 1167 3112 berto
1203 3037 1273 3114 siue
1309 3040 1464 3114 Alberto
1489 3038 1622 3112 Attoni
1658 3037 1828 3131 Comiti,

1068 3138 1129 3238 qui
1157 3143 1268 3215 titulo
1293 3167 1434 3240 quoque
1460 3139 1662 3212 Marrbiouis
1684 3159 1829 3214 ornatus

1055 3241 1340 3340 ¹deprehenditur
1375 3242 1415 3316 in
1440 3241 1587 3317 Chattis
1612 3241 1765 3317 Tedasdi
1792 3269 1832 3316 e·

217 3343 360 3416 Ducum
387 3342 560 3420 Tusciae.
593 3351 673 3448 Ego
708 3349 745 3426 in
774 3378 813 3425 ea
840 3353 974 3452 opinio.
1009 3347 1044 3416 D
1069 3344 1122 3445 jus
1149 3343 1243 3436 filii,
1268 3343 1437 3420 successor
1454 3341 1526 3418 fuit
1550 3343 1646 3419 idem
1665 3345 1830 3418 Teduidur

217 3459 262 3516 ne
298 3441 398 3533 sunt,
442 3443 557 3542 ipsum
593 3453 844 3528 tantummodo
878 3457 982 3557 egisse

216 3540 401 3618 Comitem
440 3547 585 3624 Lucae.
621 3557 687 3623 Per
709 3555 890 3652 &bouum
919 3564 974 3628 Co·

218 3635 326 3714 utitem
367 3643 465 3740 ipsius
502 3651 664 3724 cioirau's
702 3655 807 3730 babet
847 3657 980 3734 Charta

218 3741 412 3837 abeodem
440 3748 665 3825 florentinio
695 3753 873 3830 indicata.
909 3763 974 3834 Ne·

218 3867 287 3940 que
308 3848 391 3918 verb
409 3846 504 3942 quod
525 3847 573 3922 iic
598 3853 818 3950 temporibus
832 3859 981 3932 Comirrrrr

216 3951 323 4054 Lucre
363 3944 600 4044 reperiamus,
641 3955 814 4030 continub
853 3957 980 4036 inserte

217 4043 330 4137 licet,
348 4047 510 4123 eumdem
526 4077 669 4152 quoque
689 4055 868 4156 praefuisse
884 4064 977 4136 Mar·

217 4145 319 4224 chiae
344 4149 532 4228 Etruscae.
567 4155 625 4228 Ad
654 4161 801 4234 Annum
830 4162 975 4236 DCCC·

1070 3449 1248 3538 Marehio,
1282 3446 1393 3521 titulo
1427 3447 1563 3519 Comitio
1586 3463 1753 3533 ornatus,
1789 3445 1829 3520 in

1069 3547 1244 3647 regimine
1268 3573 1310 3622 ae
1334 3547 1628 3622 denominatione
1653 3546 1830 3620 Ciuitatis
1898 3617 1902 3626 .

1070 3649 1258 3747 Regieustr.
1283 3647 1324 3724 sd
1348 3675 1455 3724 nemo
1478 3647 1656 3747 hucusque
1672 3646 1832 3721 animad-

1072 3769 1246 3827 verterat.
1268 3752 1335 3826 Sed
1357 3777 1451 3827 nune
1470 3749 1683 3846 perspicient
1701 3747 1832 3824 Leito·

1071 3877 1125 3926 rec
1150 3879 1193 3926 ex
1222 3854 1386 3944 Placito,
1419 3852 1516 3950 quod
1551 3851 1617 3924 ille
1642 3847 1766 3924 habuit
1793 3850 1834 3924 in

1071 3952 1225 4027 Casteilo
1251 3953 1389 4052 Carpi,
1424 3971 1513 4027 tunc
1537 3952 1580 4025 ad
1606 3953 1833 4026 Comitatum

1072 4053 1177 4152 Regii
1211 4051 1410 4148 spesiante,
1446 4049 1673 4126 assidentibus
1698 4051 1732 4126 ci
1758 4057 1835 4126 To-

1073 4173 1158 4229 tone
1182 4151 1291 4227 Misso
1314 4153 1463 4226 Ottonis
1489 4155 1554 4226 sss.
1583 4149 1834 4250 Imperatoris,

216 4249 336 4326 LVII.
357 4252 515 4330 occurrit
532 4257 637 4332 nobis
655 4261 898 4359 Hildepruudur
915 4270 976 4336 Lu
1015 4243 1046 4312 Ε
1074 4252 1317 4330 &Bonifatio
1337 4252 1442 4351 ipstus
1460 4254 1612 4330 'sedaldi
1633 4253 1734 4348 filio,
1753 4259 1834 4330 Ma·

218 4377 270 4424 raew
293 4359 429 4428 Coruus:
452 4357 489 4430 δι
515 4357 637 4434 nihilo
664 4361 774 4438 secius
800 4383 885 4437 tunc
905 4369 973 4440 Tu·

216 4448 325 4528 sciam
361 4458 506 4557 regebat
529 4465 728 4538 Adesderrus
754 4469 781 4540 i.
808 4467 981 4541 Morebio.

215 4553 334 4652 Atqui
379 4555 459 4632 heic
496 4563 674 4640 cernimus
706 4575 866 4666 ..⁴1guurm
906 4570 981 4640 oiim

215 4657 372 4730 Comitem
406 4658 521 4734 adbuc
546 4665 757 4742 viventem:
795 4695 881 4770 ergo
916 4667 979 4743 asi·

215 4759 285 4858 qua
320 4757 365 4835 de
400 4759 517 4838 causri
552 4793 598 4842 ex
632 4795 673 4846 ea
708 4767 887 4872 dignitate
920 4787 982 4876 aut

1070 4357 1212 4478 phildae
1237 4354 1448 4432 Comitissae
1475 4355 1585 4474 postea
1619 4375 1746 4478 patre..
1779 4361 1836 4429 En

1076 4479 1192 4634 stt:
1201 4456 1751 4636 t‘ttttttistn‘ttst
1762 4485 1839 4637 ’cil

1078 4661 1261 4740 finenfium
1286 4660 1409 4740 Sanbii
1434 4661 1533 4739 Petri
1559 4657 1765 4766 Regienfie.
