4532 6154
14 787 21 834 Ι

14 889 19 938 l

18 1624 24 1668 l

297 483 381 571 cu
603 436 1481 540 osssausarsoocsaun
1706 471 1801 570 ⁷4²⁴

267 717 531 807 ‚Loorbertus‘
557 719 778 832 Imperator
808 715 1066 808 Corticellom
1097 709 1140 802 io
1172 707 1383 800 Comitotu
1413 705 1597 830 Regionis
1630 709 1796 828 posrtom
1850 739 1852 744 ’

441 839 562 924 donat
596 837 822 952 ingelberto
852 829 1095 927 Vicecomiti
1124 833 1345 941 Parmenss,
1384 837 1512 919 Anno
1542 835 1642 942 895.

233 1073 321 1260 ΙΝ
343 1070 467 1144 nomine
500 1072 617 1146 Sanlle
641 1075 686 1147 Φ
711 1075 887 1148 individue
920 1074 990 1148 Tri·
1025 1078 1054 1150 Α
1085 1070 1129 1140 O·
1162 1065 1357 1160 adjacentiis
1384 1066 1457 1160 suis
1492 1067 1527 1140 in
1562 1065 1741 1162 integrum,
1777 1065 1848 1136 ubi.

14 1209 19 1248 c
308 1175 441 1248 nitaris.
481 1181 674 1249 Lanrbertus
712 1177 832 1250 divina
860 1177 995 1268 saennte

14 1311 22 1354 ε
146 1327 148 1332 ·
233 1279 398 1350 clementia
440 1281 610 1376 Imperator
643 1279 832 1376 Augustus.
866 1281 907 1352 Si
920 1293 923 1300 '
941 1305 990 1352 no-

14 1393 24 1566 ἰ

225 1378 362 1468 ficorum
392 1377 541 1469 fidelium
573 1383 781 1477 peticionibus
805 1409 896 1455 aures
927 1383 993 1480 pie·

232 1481 313 1554 saris
338 1480 436 1566 nasica
453 1489 734 1574 accommodamus,
760 1509 922 1582 eorumque
938 1513 992 1556 eso·

232 1601 269 1654 ta
294 1584 436 1654 ducimus
461 1590 506 1654 ad
536 1586 729 1682 persillum,
762 1585 919 1683 presentes
944 1607 990 1659 at·

232 1708 292 1782 que
331 1684 454 1774 suturas
490 1697 609 1772 nostrae
637 1687 802 1781 fidelitati
837 1689 997 1763 reddimus

227 1788 462 1883 promptiores.
503 1793 635 1886 Ideoque
675 1791 813 1868 omniurn
845 1787 993 1880 fidelium

231 1885 369 1959 Sanllae
417 1889 480 1960 Dei
524 1890 679 1974 Ecclesiae
719 1915 786 1964 tam
826 1891 994 1980 nostrorum

1083 1197 1209 1268 cumque
1242 1171 1321 1263 sunt
1353 1169 1472 1270 positae
1512 1193 1578 1240 rans
1614 1167 1648 1239 in
1684 1169 1848 1238 Comiraru

1083 1270 1235 1372 Regienfi
1252 1301 1405 1372 quamque
1421 1270 1607 1362 Parmensi,
1633 1269 1766 1365 aliisque
1789 1295 1847 1340 vo·

1082 1376 1226 1466 rabulis,
1255 1375 1377 1470 scilicet
1411 1402 1477 1446 cum
1511 1373 1581 1465 sam
1615 1373 1712 1444 dic'lis
1746 1375 1847 1442 decem

1078 1477 1242 1569 sonibus,
1277 1477 1380 1566 cafis,
1416 1475 1576 1567 edeficiis,
1612 1502 1685 1572 man
1700 1476 1847 1566 renibus,

1082 1580 1196 1670 terris,
1226 1580 1321 1651 culris
1357 1581 1401 1650 Θ
1436 1579 1588 1668 incultis,
1624 1577 1762 1672 campis,
1790 1577 1846 1646 vi·

1082 1681 1171 1768 nris,
1187 1683 1321 1778 pratis,
1354 1681 1500 1778 pascuis,
1528 1679 1654 1770 stlvis,
1670 1678 1844 1770 stalariis,

1080 1783 1259 1876 virgariis,
1287 1781 1387 1881 ripis,
1416 1783 1564 1879 rupinis,
1592 1781 1755 1870 arboribus
1786 1800 1845 1875 po·

1081 1885 1202 1976 miseris
1228 1887 1271 1956 Θ
1298 1885 1523 1984 impomiferis,
1548 1883 1642 1980 aquis
1675 1907 1845 1980 aquarum.

227 1989 442 2085 presentium,
467 1996 563 2086 qudm
584 1993 759 2082 suturarum
784 1993 909 2070 noverit
929 1995 989 2084 sol·
1021 1996 1050 2067 B
1082 2011 1140 2083 qne
1173 1983 1372 2076 decurfibus,
1393 1987 1452 2082 seu
1489 1985 1678 2072 molendinis
1711 2005 1779 2058 sam
1809 1983 1844 2055 in

231 2091 350 2179 lertia,
377 2091 455 2187 quia
479 2093 621 2166 Domina
647 2098 690 2166 (J
716 2096 866 2168 Genitrix
891 2096 993 2183 nrslra

230 2191 430 2286 Agelrrudo
445 2195 663 2289 gloriofiffima
686 2197 895 2294 Imperotsiu
918 2203 989 2271 Au·

229 2290 325 2386 gusto
362 2294 484 2388 pariter
517 2323 586 2366 cum
623 2298 776 2372 Liutaldo
809 2296 992 2392 fideliffima

230 2388 322 2482 Vasso
348 2392 447 2481 noslm
472 2395 606 2484 nostram
632 2395 795 2480 cesaream
820 2399 993 2494 flagitavit

227 2493 446 2586 rlbmcntiam,
473 2499 625 2594 quatinus
648 2499 844 2591 procliviore
870 2499 992 2573 intuitu

229 2597 407 2690 nostraeque
442 2600 575 2670 mercede
606 2599 759 2688 animae,
786 2601 830 2671 Θ
861 2599 984 2686 flabili·

227 2714 330 2764 menta
362 2696 486 2791 lmperii
512 2697 631 2790 nostri,
667 2703 793 2774 cnidum
811 2699 910 2790 fideli
937 2730 988 2774 no·

219 2792 287 2882 stro
313 2791 404 2887 Vassis
430 2796 554 2888 scilicet
581 2801 736 2874 kadoldi*
767 2801 989 2892 Illustriffimi

1081 2087 1259 2180 montibus,
1285 2093 1380 2184 qubm
1416 2089 1450 2159 in
1482 2087 1701 2184 planiciebus,
1738 2085 1846 2157 omnia

1082 2191 1126 2260 Θ·
1160 2217 1198 2263 oce
1231 2191 1373 2262 omnibus
1408 2189 1443 2260 in
1480 2189 1660 2284 integrum,
1688 2189 1731 2258 θ’
1759 2188 1844 2284 quic.

1080 2290 1159 2388 quid
1183 2291 1249 2365 dici
1272 2293 1327 2364 vel
1355 2291 1514 2363 nominari
1536 2293 1656 2386 potest,
1680 2291 1726 2360 ad
1759 2314 1845 2361 earn·
1884 2306 1889 2316 '

1079 2401 1148 2462 dem
1174 2393 1378 2464 corticellam
1403 2392 1551 2486 legaliter
1573 2392 1728 2484 pertinere
1753 2391 1844 2461 debe·

1078 2518 1111 2564 ra
1134 2502 1175 2565 de
1201 2491 1300 2580 nostro
1331 2491 1404 2581 sure
1437 2497 1481 2560 (r
1511 2489 1662 2587 potestate
1690 2489 1850 2580 sundirus.

1080 2595 1271 2666 concedimus
1297 2595 1341 2664 θ
1365 2593 1594 2688 perdonamus,
1622 2613 1659 2662 ur
1685 2589 1767 2662 idem
1786 2597 1843 2664 ln·

1074 2697 1234 2790 galbertus
1260 2695 1376 2788 fidelis
1402 2693 1521 2785 nasler',
1556 2690 1682 2789 esusque
1715 2695 1843 2766 heredes

1078 2823 1116 2868 ac
1146 2797 1326 2892 proheredes
1360 2801 1403 2871 ab
1437 2797 1494 2868 bac
1526 2795 1580 2866 die
1614 2795 1649 2866 in
1680 2813 1842 2868 aeternum

228 2895 389 2976 Comitis
414 2919 509 2996 utque
532 2901 647 2990 summi
664 2903 853 2986 Consiliarii
872 2907 990 2998 nullri,
1014 2897 1045 2967 C
1078 2896 1149 2986 sure
1170 2899 1380 2995 proprietario
1402 2896 1584 2993 potestatem
1609 2897 1748 2988 babeant
1765 2923 1843 2985 ean.

227 2999 431 3096 lugalberto
462 3004 606 3093 nomine,
636 3003 759 3096 scilicet
788 3007 986 3080 vicecomi-

226 3098 258 3173 ti
289 3099 486 3195 Parmenio,
521 3119 682 3198 quandam
708 3108 909 3180 Corticellam
934 3109 985 3202 su·

166 3211 178 3224 '
224 3201 272 3273 ris
306 3203 437 3298 Imperii
471 3205 568 3292 nuslri
600 3207 751 3280 bullenus
783 3231 991 3302 pertinentem

224 3305 266 3378 de
299 3305 462 3378 Comirnru
497 3308 669 3403 Regiensi,
698 3308 799 3394 stram
834 3311 869 3383 iro
903 3312 989 3404 loco,

224 3407 282 3502 qui
305 3407 425 3476 dicitnr
450 3409 543 3504 Ripa
567 3415 682 3496 Alsa,
709 3437 778 3482 curo
802 3415 905 3484 decem
918 3415 985 3508 soe·

222 3508 332 3589 tibus,
370 3507 477 3597 servis
510 3537 629 3606 quoque
663 3513 707 3584 Θ
740 3515 896 3606 ancillis,
931 3515 987 3606 seu

222 3605 332 3678 soteris
355 3608 493 3690 diversis
514 3608 744 3704 posseffionibus
768 3639 835 3686 tam
861 3618 980 3690 mobili·

223 3710 304 3789 bus,
330 3711 425 3800 qubm
452 3709 665 3800 immobilibus
681 3717 725 3785 ad
750 3719 890 3788 eamdem
909 3725 982 3788 Cor·

1077 3007 1147 3070 dem
1181 2999 1383 3072 Corticellam
1410 2998 1495 3084 ficut
1523 2997 1669 3095 superius
1699 2996 1843 3092 legitur,

1076 3124 1133 3196 prr
1157 3101 1210 3174 boc
1236 3102 1371 3188 noslrurn
1396 3100 1563 3197 imperiale
1589 3106 1770 3193 Preceptum
1794 3119 1841 3170 te.

1077 3203 1196 3293 nendi,
1226 3203 1423 3300 poffidcndi,
1457 3200 1622 3288 donandi,
1656 3200 1844 3293 vendendi,

1076 3307 1312 3396 commutandi,
1342 3305 1398 3396 seu
1421 3325 1479 3402 pro
1503 3303 1672 3376 animabus
1691 3303 1763 3394 suis
1787 3302 1842 3373 di·

1076 3407 1270 3495 sudicanda',
1309 3408 1365 3480 nel
1403 3405 1552 3503 quicquid
1589 3403 1752 3475 voluerint
1785 3403 1841 3494 sa·

1064 3508 1202 3594 ‘ciendi,
1229 3531 1345 3580 remota
1370 3509 1469 3580 totius
1492 3507 1639 3603 personae
1665 3506 1710 3576 O·
1732 3506 1843 3601 publi·

1078 3638 1129 3681 cae
1160 3609 1323 3707 potestatis
1364 3609 1604 3706 inquietudine.
1643 3606 1843 3702 ⁸Quicumque
1967 3651 1974 3661 ι

1081 3710 1182 3808 igitur
1216 3733 1380 3784 temerator
1414 3711 1467 3784 boc
1502 3709 1622 3798 nostrae
1659 3707 1843 3780 donationis

222 3807 363 3880 ticellam
396 3807 478 3896 susle
504 3811 548 3880 (J
576 3811 728 3908 legaliter,
754 3822 985 3909 pertinentibus
1014 3813 1049 3880 D
1074 3813 1132 3904 scu
1157 3813 1339 3885 traditionis
1372 3813 1539 3909 lmperiale
1567 3817 1749 3905 Precrprnm
1778 3811 1844 3882 ali·

155 3933 156 3936 ’
214 3911 274 4004 seu
298 3908 522 4003 aspicientibus
547 3909 582 3980 in
618 3913 777 4009 integrum
811 3915 880 4000 iure
913 3943 980 4014 pro·

217 4012 371 4108 prierario
395 4033 451 4107 per
475 4013 529 4084 boc
553 4012 674 4099 noslrae
697 4017 888 4090 serenitatis
905 4027 977 4091 Pre-

222 4135 343 4209 raptum
367 4115 524 4185 concedere
548 4116 772 4210 dignaremur.
809 4124 876 4190 Nos
910 4148 978 4215 qno

221 4241 282 4311 que
305 4218 343 4286 ob
368 4241 501 4288 amorem
525 4217 755 4306 omnipotentis
780 4222 846 4292 Dei
865 4223 909 4292 (9¹
935 4222 976 4294 in·
1003 4291 1004 4294 ,

220 4317 424 4410 terceffionens
457 4339 568 4390 tautae
602 4319 775 4392 Genirricr's
799 4351 837 4395 ac
874 4325 969 4394 Domi

219 4445 280 4490 roae
306 4419 430 4508 noller,
466 4417 593 4518 eiusqrre
627 4423 810 4494 continuum
842 4424 979 4512 samula·

217 4537 309 4607 tum,
336 4521 389 4592 boc
416 4519 535 4606 noslrae
557 4523 692 4618 pietatis
719 4531 900 4620 Preceprum
916 4525 978 4614 fie-

217 4620 250 4689 ri
277 4621 417 4714 iuffimus
477 4645 534 4718 per
559 4631 641 4717 qnod
674 4625 775 4696 eidem
813 4629 983 4724 ingelberto

218 4827 383 4902 heredibus
410 4825 444 4894 in
471 4849 630 4898 aeternum
662 4828 840 4924 prediblam
875 4833 977 4902 Corri-

216 4935 329 5004 cellano
361 4927 494 5021 polirem
520 4929 555 5000 in
584 4929 655 5020 sam
691 4931 758 5016 bato
782 4934 845 5002 loco
869 4956 979 5004 vocato

126 5051 132 5064 ·
216 5033 310 5130 Ripa
341 5033 454 5122 Ars,
493 5055 563 5104 curro
596 5034 740 5108 omnibus
773 5033 979 5131 pertinentiis

1081 3923 1206 4012 quando
1232 3913 1405 4008 infringere
1439 3913 1672 4006 temptaverit,
1701 3910 1786 4001 sciat
1807 3910 1845 4001 se

1079 4010 1310 4108 compostus-um
1337 4015 1411 4086 auri
1444 4012 1548 4106 obrizi
1575 4012 1690 4082 Libras
1725 4012 1844 4106 trigin-

1080 4137 1138 4200 ra,
1174 4113 1370 4186 medietatem
1397 4117 1527 4186 Palatro
1553 4111 1682 4202 noslro„
1711 4115 1754 4182 (9‘
1780 4139 1845 4182 me·

1078 4220 1230 4289 aceram»
1248 4215 1342 4312 saepe
1367 4215 1452 4286 artic
1478 4215 1653 4312 ingelberto
1680 4213 1845 4286 Vicecomi·

1079 4321 1132 4410 ri,
1168 4316 1293 4415 esusque
1315 4317 1491 4418 ‚heredibus
1525 4346 1561 4390 ac
1595 4317 1842 4414 proheredibus,

1079 4442 1137 4492 out
1168 4421 1222 4491 cui
1256 4423 1377 4510 easdam
1412 4445 1460 4490 res
1494 4419 1717 4490 ordinaverint
1749 4419 1844 4515 poffi.

1078 4523 1225 4596 derrdas.
1261 4527 1309 4594 Et
1335 4543 1371 4592 ut
1395 4523 1437 4594 ob
1462 4521 1606 4594 omnibus
1642 4520 1754 4592 verius
1779 4548 1843 4592 cre·

1077 4628 1195 4706 datur,
1232 4623 1480 4720 diligentiusque
1514 4621 1701 4719 peremnia
1727 4642 1843 4718 tempo·

85 4759 90 4766 ·
209 4726 311 4822 fideli
337 4678 461 4812 nollfi,
499 4724 619 4820 suisque
652 4727 817 4799 heredibus
841 4755 878 4800 ac
910 4751 976 4824 pro·
1014 4719 1042 4788 Ε
1077 4753 1112 4796 ra
1134 4725 1324 4808 obscuretur,
1359 4753 1455 4798 manu
1488 4726 1617 4820 propria
1638 4721 1748 4813 subter
1772 4751 1844 4794 con·

1067 4825 1303 4920 firmavimus,
1340 4829 1385 4900 Φ
1413 4830 1453 4900 de
1487 4827 1584 4905 anulo
1618 4823 1718 4914 nuslro
1747 4823 1844 4923 suffi-

1072 4957 1141 5002 mus
1167 4928 1343 5028 insigniri.

1140 5135 1177 5208 A
1205 5159 1225 5208 o
1251 5158 1273 5209 o
1326 5158 1349 5210 o
1443 5185 1445 5192 ·
1650 5133 1792 5232 Signum
