4626 6152
496 465 578 572 ,ες
809 443 1198 563 eurruucr.
1236 445 1671 542 ueniretur
1897 451 1988 566 '³84

315 767 320 776 ·
446 705 625 796 roffeno
655 726 768 819 copta
798 701 849 786 ab
879 698 1030 786 Alieno
1061 705 1115 786 11.
1146 701 1451 822 Archiepiscopo
1480 701 1730 792 Salernitooo
1763 701 2033 820 quorumdam

571 827 770 912 bonorum
802 819 872 908 fibi
902 819 1166 908 concefforum
1198 822 1222 906 o
1252 827 1433 912 Roberto
1463 823 1629 910 Comite
1659 821 1900 938 Principatut

953 937 1218 1050 Salernitani,
1249 949 1372 1028 Anno
1407 947 1533 1054 1098.

437 1189 521 1373 ΙΝ
544 1187 668 1261 nomine
694 1191 828 1263 Domini
853 1191 918 1264 Dei
941 1188 1040 1261 eterni
1058 1189 1101 1260 (9·
1119 1190 1192 1261 sal.
1225 1194 1256 1266 A
1285 1186 1407 1276 elesiam
1434 1187 1549 1262 sonui
1576 1185 1708 1284 Georgii
1738 1181 1787 1254 ibi
1819 1181 2046 1280 propinqum,

508 1291 632 1364 vetoris
658 1293 754 1379 nostri
769 1300 800 1385 J
802 1293 852 1384 esu
870 1293 1008 1378 Christi.
1033 1297 1136 1365 Anno
1153 1294 1195 1363 ab
1287 1319 1355 1363 cunr
1372 1293 1465 1362 terrio
1490 1295 1534 1362 (9
1551 1291 1653 1378 silvis
1682 1291 1724 1363 θ
1755 1285 1880 1384 pascuis
1898 1287 1942 1353 θ
1957 1287 2049 1380 aquit

439 1395 659 1468 incarnatione
682 1393 753 1487 esus
777 1399 975 1486 chrlss.
1009 1395 1193 1489 temporibus
1288 1395 1331 1464 6·
1348 1393 1457 1465 vineis
1475 1393 1519 1462 Θ
1536 1395 1681 1466 ornnibur
1702 1396 1747 1467 ad
1765 1391 1864 1488 ipsam
1880 1385 2050 1470 Ecciefians

440 1496 574 1570 Domini
613 1493 709 1582 nostri
741 1497 874 1592 Rogerii
908 1493 1038 1592 gloriosi
1071 1496 1195 1584 Ducis,
1285 1496 1471 1592 pertinent,
1499 1496 1544 1565 (9¹
1578 1497 1716 1592 qualiter
1738 1499 1762 1564 ei
1788 1491 1919 1578 Refiore
1954 1485 2052 1584 ipsine

441 1596 554 1688 Mense
579 1602 611 1688 J
612 1594 713 1686 unio,
749 1603 847 1668 Sexta
882 1595 1081 1670 [unitione.
1115 1602 1197 1668 Cum
1290 1594 1445 1686 Eusefie,
1480 1596 1538 1692 qui
1568 1603 1654 1668 'nunc
1687 1598 1717 1668 ei
1749 1591 1869 1692 preest,
1905 1609 2052 1660 tenentur

439 1724 539 1770 cerem
575 1696 733 1794 presentia
770 1699 891 1770 Domni
928 1697 1053 1788 Aisani
1086 1699 1200 1794 gratis
1290 1699 1335 1770 (9·
1358 1698 1569 1792 possidentur,
1595 1699 1641 1766 &¹
1664 1695 1845 1770 dominatus
1869 1693 1913 1781 esi
1934 1713 1992 1788 per
2016 1715 2055 1760 u·

443 1799 508 1874 Dei
532 1798 770 1896 Arcbieprscopi
789 1797 898 1891 saniir
914 1800 1009 1872 Sedis
1026 1797 1122 1892 hujus
1138 1805 1198 1870 Sa·
1291 1825 1367 1870 nnm
1391 1799 1475 1868 diem
1501 1801 1545 1868 0·
1570 1825 1666 1869 uuam
1702 1796 1844 1886 nossent,
1878 1821 1948 1865 cunr
1982 1791 2052 1860 vice

442 1899 597 1972 semitoni
613 1901 913 1997 Arcbieprscopetus
928 1899 1055 1994 essemus
1074 1906 1198 1991 nosso-
1291 1899 1419 1970 deviis
1446 1901 1490 1968 (Γ
1512 1901 1713 1996 pertinentiis
1744 1899 1832 1990 suis.
1868 1895 1997 1968 Pariter
2021 1919 2054 1961 e·

444 2003 564 2074 hanuet
589 2002 634 2072 (9·
658 2002 862 2074 Grimoaidus
887 2007 1046 2093 Judieer,
1081 2003 1202 2096 aliique
1293 2023 1374 2074 tram
1399 1997 1577 2093 concesserat
1612 2003 1655 2070 (Υ
1689 2001 1844 2073 obtulerat
1880 1998 1914 2067 in
1949 1995 2053 2064 rodens

443 2105 611 2198 complures
636 2101 794 2191 homines,
822 2105 905 2174 inter
929 2131 1004 2199 quos
1023 2103 1203 2198 specialiter
1233 2107 1263 2176 B
1292 2102 1580 2198 Arcbiespiscoparo
1599 2104 1737 2174 homines
1755 2103 1798 2171 Θ·
1816 2128 1867 2171 cen
1882 2099 1941 2169 cles
1955 2094 2059 2185 socos„

444 2207 604 2274 convocati
629 2203 764 2274 aderant
794 2203 948 2298 gloriosus
973 2203 1072 2294 filius
1105 2229 1202 2300 quon·
1295 2227 1422 2298 quorum
1449 2205 1576 2274 nomina
1603 2205 1638 2274 in
1665 2203 1730 2300 ipso
1763 2207 1908 2296 Precepto
1942 2195 2055 2288 arseri-

444 2309 521 2376 dam
555 2302 712 2396 Pandulfi
742 2303 876 2376 Comitis
901 2306 945 2374 (2·
961 2305 1130 2396 johannes
1155 2302 1198 2396 fi·
1294 2327 1353 2398 pta
1378 2300 1434 2398 esse
1458 2304 1635 2395 uidentur,
1676 2332 1744 2376 cunr
1769 2302 1916 2373 uxoribus
1941 2301 1984 2366 ἡ*
2008 2296 2055 2364 li·

446 2409 509 2478 lius
545 2413 702 2502 quondam
735 2403 915 2496 Guaiserii,
951 2407 995 2476 (V
1021 2407 1204 2478 Betnordur
1297 2407 1378 2477 beris
1418 2429 1520 2476 eorum
1555 2406 1599 2475 (9‘
1633 2407 1776 2478 omnibus
1803 2401 1976 2492 stabilibus
2009 2396 2055 2465 (ν’

441 2509 538 2602 silius
571 2509 728 2604 quondam
762 2505 918 2598 Asserii,
949 2509 1116 2599 Jobannes
1150 2507 1206 2604 qni
1298 2506 1491 2597 mobilibus,
1527 2506 1672 2604 rebusque
1700 2509 1768 2578 iuis
1801 2501 2055 2601 pertinentibus,

446 2611 566 2684 dicitur
591 2609 710 2704 Piper,
746 2609 790 2678 (⁹¹
817 2606 912 2699 Ursus
944 2610 1001 2705 'qui
1025 2611 1143 2680 dicitur
1166 2611 1205 2680 de
1299 2610 1341 2677 (9·
1367 2633 1434 2678 cunt
1469 2609 1612 2680 omnibus
1647 2613 1737 2680 rebus
1763 2605 1960 2696 flebilibus,
1997 2623 2064 2696 qne.

449 2713 623 2798 Kiranna,
651 2736 715 2780 una
733 2735 800 2780 cum
818 2711 952 2803 quodam
968 2715 999 2800 J
1001 2711 1121 2780 ohanne
1140 2715 1201 2782 No·
1292 2709 1423 2798 suerent
1448 2713 1581 2781 Andree
1607 2711 1652 2778 (Υ
1676 2716 1770 2806 Papa
1795 2705 1909 2782 Theori
1931 2703 1975 2773 <9
1996 2705 2058 2770 Pr·

448 2813 553 2902 tario,
579 2807 761 2904 accesserunt
785 2811 945 2900 dicentes,
976 2807 1078 2903 missos
1103 2807 1158 2906 esse
1184 2815 1206 2882 a
1297 2811 1342 2879 tri
1361 2813 1401 2880 dc
1418 2811 1587 2898 Auriiia;
1612 2838 1650 2882 ca
1675 2813 1796 2884 ratione
1821 2829 1858 2880 ut
1882 2805 1989 2876 omnia
2001 2799 2060 2894 sss·

450 2913 607 2988 Robecto
636 2910 784 2984 Comite
820 2911 1034 2984 salernitani
1072 2911 1204 2984 Princi·
1296 2911 1405 3006 perius
1429 2910 1518 2984 diuo
1537 2911 1660 3008 semper
1687 2910 1780 3008 essem
1813 2909 1899 3005 jorio
1924 2907 1982 2978 bac
2006 2903 2060 2974 di·

450 3031 572 3115 putus,
596 3009 669 3102 silio
693 3013 850 3108 quondum
874 3013 1030 3084 Gulieimi
1052 3013 1208 3102 Comitis,
1234 3012 1396 3094 Ctionir
1435 3011 1531 3108 ipstur
1563 3013 1814 3111 Archiepiseopii
1827 3039 1843 3083 .·
1877 3009 1921 3080 θ
1955 3003 2061 3103 presa·

449 3118 493 3186 (2·
518 3112 616 3188 Gilia
652 3113 841 3187 Comitiffa
877 3139 986 3186 uxore
1026 3113 1128 3210 ejus:
1166 3116 1210 3184 (t
1299 3135 1348 3184 ruo
1398 3118 1541 3186 Domum
1586 3116 1883 3213 Arebiepiscopus,
1934 3106 2062 3202 ejusque

449 3219 483 3288 in
500 3217 608 3288 eadem
627 3214 785 3310 presentia
803 3213 998 3300 ostenderunt
1020 3241 1116 3284 uuum
1135 3220 1209 3285 Pre·
1292 3210 1488 3308 successores,
1524 3215 1569 3286 (9·
1599 3237 1677 3311 pars
1712 3215 1808 3312 ipfius
1843 3207 2063 3306 Archiepisco·

449 3339 569 3414 ceptum
590 3313 700 3410 sigillo
727 3313 823 3410 ipstur
851 3315 985 3384 Roberti
1009 3315 1143 3384 Comitis
1162 3313 1207 3400 si·
1295 3315 1346 3411 pii
1370 3315 1461 3386 licere
1484 3317 1633 3386 baberent
1666 3319 1706 3386 de
1742 3316 1809 3385 heis
1839 3312 1940 3400 secere
1979 3307 2064 3404 quod

444 3438 604 3516 gnatum,
640 3415 778 3512 qualiter
813 3413 877 3511 ipse
903 3417 1061 3486 Robertuo
1094 3437 1149 3510 pro
1174 3445 1205 3488 a·
1298 3417 1439 3504 velent,
1473 3415 1557 3502 sieut
1596 3414 1696 3510 ipsum
1736 3421 1918 3510 Precqprum
1961 3407 2064 3478 conti-

449 3545 531 3596 more
560 3517 642 3604 Dei,
679 3517 723 3590 &
751 3515 858 3610 salecto
884 3517 989 3586 anime
1012 3516 1132 3612 presati
1153 3543 1202 3612 ge·
1299 3537 1372 3600 ner,
1398 3519 1480 3610 quod
1499 3515 1651 3610 seriptum
1676 3515 1719 3602 esi
1746 3537 1804 3612 per
1836 3510 1906 3604 jam
1942 3506 2065 3579 diHusn

449 3620 563 3694 nitoris
581 3618 662 3712 sui,
692 3615 791 3702 fimus
823 3617 919 3687 eriam
939 3638 999 3713 pro
1027 3617 1211 3708 salvatione
1290 3617 1474 3708 johannem
1515 3615 1718 3711 Notariisque
1756 3612 1892 3712 presenti
1932 3614 2064 3696 Anno,

443 3723 506 3816 sue
532 3721 577 3788 (9·
602 3715 738 3809 ejusdem
764 3715 907 3810 conjugis
927 3717 1005 3809 sue,
1033 3717 1077 3786 (9·
1096 3721 1209 3788 redem-
1297 3717 1445 3814 preterito
1471 3716 1584 3807 Mense
1610 3716 1729 3809 Maso,
1756 3711 1951 3810 presenrique
1975 3707 2068 3780 indi·
2209 3715 2213 3722 ’

446 3821 558 3919 priore
588 3835 780 3914 peccatorum
820 3817 971 3908 illorum,
1018 3818 1210 3914 presentibus
1303 3817 1425 3890 iiiam.
1464 3822 1502 3890 in
1538 3843 1598 3913 quo
1634 3818 1699 3914 ipse
1734 3819 1893 3888 Robertus
1927 3817 2066 3898 Comes,

450 3920 600 4012 testibus,
627 3917 683 4015 qui
717 3918 751 3988 in
786 3944 819 3988 eo
849 3917 1064 4010 subscribendi
1097 3942 1210 4006 crant,
1238 3939 1270 4007 1)
1303 3921 1347 3992 &¹
1372 3919 1466 3991 Gisia
1489 3914 1678 4012 Comitissa,
1715 3919 1762 3990 Θ
1788 3917 1912 3989 Melius
1936 3915 1976 3983 de
2003 3915 2069 3982 La·

446 4045 504 4122 per
546 4021 727 4094 interventu
763 4017 888 4116 presate
927 4021 1015 4093 Gitie
1053 4019 1212 4116 Comitrffe
1254 4110 1256 4114 Ι
1303 4021 1423 4112 velia,
1460 4022 1504 4091 (9·
1538 4019 1644 4090 dirtos
1673 4027 1706 4112 J
1706 4021 1844 4093 ohannes
1877 4013 2068 4103 Presbiter,

451 4121 594 4220 conjugis
622 4122 706 4213 sur,
741 4117 970 4214 concesserunt,
1006 4123 1209 4212 obtulerunt,
1305 4123 1401 4214 Ursus
1440 4123 1485 4192 (9’
1525 4121 1678 4192 Geroldus
1717 4124 1758 4194 de
1801 4112 1953 4206 Contursr
1991 4111 2070 4202 sub·

451 4227 673 4314 donaverunt,
700 4223 744 4292 (9⁶
762 4222 968 4314 remiserunt,
988 4223 1022 4294 in
1043 4223 1212 4308 Ecciefiam
1299 4224 1412 4318 scripti
1432 4221 1530 4313 sunt.
1566 4228 1615 4294 Et
1639 4243 1675 4294 ut
1702 4223 1803 4319 ipsum
1827 4224 2009 4310 Precepturn
2035 4236 2071 4280 o·

452 4323 569 4398 Sausie
596 4323 718 4418 semper
754 4323 900 4418 Virginis
944 4325 1010 4395 Dei
1048 4325 1213 4418 genitricis
1300 4323 1437 4414 sieusum
1472 4323 1530 4394 bac
1564 4323 1678 4393 leHrcm
1713 4323 1813 4412 suit,
1854 4315 1914 4412 ipfi
1939 4319 1969 4408 J
1971 4314 2072 4384 ohan·

453 4426 565 4502 Morie
592 4424 636 4494 &¹
660 4423 746 4494 breti
771 4423 918 4518 Aposioii
953 4427 996 4496 (9·
1030 4426 1209 4521 Evangeli·
1307 4450 1361 4496 nes
1395 4426 1518 4522 Piper,
1555 4425 1599 4494 Θ·
1615 4439 1617 4444 ’
1635 4423 1731 4512 Ursus
1764 4425 1802 4494 de
1838 4428 1993 4494 Kirannn
2017 4412 2072 4486 di·

446 4528 495 4619 sie
519 4524 667 4598 Murbei
679 4579 690 4614 ,
717 4547 775 4620 que
800 4523 842 4612 esi
867 4527 964 4595 Sedes
989 4525 1086 4620 ipfius
1106 4532 1209 4598 Saler·
1308 4547 1446 4618 nerunt,
1477 4525 1634 4617 seoriam
1669 4519 1841 4619 interfuisse
1879 4521 1922 4590 (Υ
1956 4507 2072 4605 vidisse

453 4628 563 4702 uitani
580 4625 897 4722 Artbiepsseopatus,
915 4628 968 4698 eui
986 4633 1129 4700 Domnur
1146 4629 1212 4700 ΛΖ-
1287 4617 1350 4778 ’Θ
1375 4623 1535 4720 audivisse
1560 4654 1629 4698 cum
1658 4628 1765 4698 omnia
1794 4627 1828 4696 in
1855 4625 1959 4693 eodem
1993 4625 2074 4690 Prt-

447 4732 549 4824 sauur
573 4733 734 4801 Secundus
751 4725 1013 4823 Arcbiepiscopus
1028 4729 1148 4825 preest,
1169 4750 1214 4798 to·
1288 4750 1391 4826 ¹cepto
1426 4731 1575 4826 leguntur
1601 4727 1682 4820 fieri
1695 4783 1707 4818 ,
1744 4729 1788 4798 (Γ
1813 4729 1853 4797 de
1877 4723 1947 4816 ejus
1973 4719 2076 4816 ipsum

455 4853 522 4906 tem
548 4831 591 4902 (7
618 4829 772 4925 integram
799 4849 935 4918 tetram,
962 4853 1020 4925 que
1045 4830 1162 4902 dicitur
1179 4831 1218 4900 de
1248 4832 1489 4927 E¹Preceptum
1516 4829 1678 4923 firmari,
1726 4831 1770 4900 (9·
1796 4825 1892 4898 ‘dieto
1921 4818 2076 4913 Jobenni

454 4934 542 5005 Rivo
556 4929 681 5022 Petroso
695 4951 753 5028 pcr
763 4929 872 5022 fines,
893 4955 951 5026 que
970 4931 1003 5001 iu
1023 4933 1127 5002 eodem
1143 4939 1216 5002 Pre·
1307 4933 1442 5005 Noterio
1474 4932 1609 5025 scribere
1645 4931 1706 5028 ipst
1745 4938 1853 5002 Comes
1889 4927 1933 4992 Θ·
1967 4921 2077 4994 Corni-

456 5054 541 5130 cepto
557 5035 707 5106 adnotate
726 5031 825 5123 sunt.
850 5030 980 5126 insuper
999 5035 1042 5103 (9·
1065 5033 1222 5105 obtulerat
1308 5030 1380 5124 tissa
1410 5026 1642 5128 precepissent:
1677 5033 1721 5102 Θ·
1761 5029 1820 5124 ipfi
1847 5025 1998 5120 Jobcuui
2034 5025 2079 5094 (9·

457 5137 501 5210 (9·
527 5127 686 5227 remiserat
704 5133 738 5206 in
756 5135 860 5206 rodem
877 5131 1131 5234 Arcbiepiscopio
1159 5141 1220 5208 Ec·
1310 5133 1384 5228 Urso
1407 5137 1450 5208 ob
1474 5133 1573 5230 ipfirrs
1598 5134 1722 5205 Comire
1748 5134 1792 5204 (9¹
1817 5127 1984 5227 Comitiffa
2009 5127 2079 5200 cum
2196 5187 2199 5192 Α

828 5305 831 5312 .
1940 5232 2029 5327 scoo-
