4628 6148
493 431 577 520 ῃ,
766 383 1285 499 nrssnnrnrro
1350 385 1725 513 ourucrn.

1907 405 1990 516 308
2015 401 2019 408 ’

426 519 617 612 Marchia,
656 534 694 588 ur
733 519 823 592 nobis
859 535 1020 613 tamquam
1056 512 1195 586 Domine
1222 515 1258 588 Δ
1287 511 1398 588 vertit
1433 511 1578 588 Clariss.
1604 517 1791 598 Berenus.
1827 521 1962 592 Verium
1989 515 2053 592 hao'

419 620 482 716 ¹sur
498 625 539 696 de
555 641 651 694 cetera
664 619 809 716 plenarie
821 618 1053 714 responderent.
1070 622 1193 712 Quum

425 748 487 822 que
512 747 568 796 nes
600 719 791 820 postmodum
815 715 931 790 duella
958 713 1037 807 filie
1064 714 1193 792 Nobili

426 825 509 900 viro
537 820 658 898 Azoni
685 817 891 894 Marcbioni
918 815 1045 892 Ellensr
1070 847 1139 893 eam
1157 818 1193 890 in
1234 863 1236 868 ,

420 925 556 1020 sudum
577 921 760 994 decurrimus
778 921 1023 1010 concedendam,
1048 921 1191 1019 praesen·

425 1047 460 1100 te
484 1029 674 1122 Imperatore
700 1022 902 1111 investientes
927 1025 1068 1095 eumdem
1085 1025 1125 1094 de
1145 1023 1189 1119 ip·

419 1127 463 1224 [a
488 1125 652 1202 Marchia
681 1147 737 1224 per
764 1124 945 1215 Vexillum,
983 1149 1037 1198 nes
1059 1145 1191 1221 praena-

427 1229 588 1302 ntinatum
624 1229 853 1324 Pandulpbum
887 1228 1121 1300 subdiaconum
1150 1227 1195 1296 (9¹

1287 613 1409 688 &enus
1429 618 1714 694 commemoratis
1736 617 1933 696 Ducatibus
1953 641 2051 717 prae·

1289 715 1379 792 stitit
1405 716 1643 818 amplitudine
1664 745 1704 794 ac
1729 721 1921 798 nobilitate
1942 723 2052 794 Duca-

1288 841 1342 890 eur
1376 821 1578 911 Beneventi,
1611 820 1775 914 coinon
1809 849 1878 898 una
1914 819 2052 896 suberat

1291 921 1503 1015 Provincia,
1521 948 1562 998 ae
1583 920 1775 1022 peculiares
1796 924 1935 1024 aliquae
1954 947 2053 1022 prae·
2155 925 2160 934 ’

1287 1022 1470 1124 rogativae
1493 1023 1717 1100 contributae
1742 1021 1898 1101 sueram.
1916 1025 2054 1124 Explo-

1285 1147 1401 1200 ratum
1438 1123 1518 1201 sane
1544 1126 1612 1219 est,
1638 1153 1711 1202 non
1740 1123 1836 1200 secus
1871 1151 1913 1200 ac
1937 1129 2051 1202 Foro·

1288 1225 1452 1326 julienses
1492 1245 1599 1328 atque
1644 1225 1857 1326 Spoletaui,
1897 1227 2069 1327 Regibus

386 1415 389 1420 ,
426 1331 603 1408 Notarium
627 1329 784 1420 nostrum,
811 1331 856 1400 (θ’
883 1329 1103 1426 imperatoris,
1138 1356 1192 1400 oe·
1289 1329 1532 1432 Langobardis
1560 1327 1707 1430 paruisse
1730 1333 1847 1406 Duces
1873 1329 2055 1404 Beneven-

426 1433 600 1508 nrralilem
619 1431 756 1524 fratum
780 1434 915 1520 uollmm
925 1483 1036 1507 ......
1047 1430 1192 1504 Paniar-
1224 1415 1253 1488 Β
1288 1450 1412 1506 tanos.
1449 1437 1583 1508 Verum
1610 1431 1650 1508 hi
1675 1434 1783 1534 longe
1808 1429 1938 1544 majori
1974 1456 2054 1530 prae

427 1537 522 1610 cham
545 1531 789 1632 Aquileiensem
825 1533 901 1606 illuc
934 1533 1117 1608 curavimus
1140 1539 1192 1604 dr·

420 1633 570 1730 ¹slinnre,
595 1654 633 1708 ut
657 1645 789 1708 eum'in
811 1631 987 1733 poffifflone
1011 1631 1195 1710 Marchiae

295 1793 298 1798 -
428 1737 638 1829 inducentes,
678 1737 708 1810 ci
736 1737 878 1830 facerent
910 1739 951 1808 de
976 1737 1129 1810 omnibus·
1145 1763 1192 1810 ra·

427 1839 573 1916 tionibus
592 1839 664 1934 suis
689 1838 810 1937 integre
835 1837 1035 1938 responderi:
1065 1837 1193 1912 civita·

427 1961 464 2016 te
503 1961 610 2016 tamen
650 1941 882 2034 Anconitanl,
921 1941 1074 2040 quamdiu
1109 1941 1198 2014 uobis

426 2044 610 2142 placuerit,
637 2045 671 2116 in
700 2041 809 2130 nestris
835 2043 983 2116 menibus
1009 2042 1195 2136 reseruati.

431 2144 479 2218 Θ·
514 2143 662 2234 αηὶυινῘο
699 2141 898 2218 Patrintonit
931 2143 1018 2216 beati
1050 2144 1142 2216 Petri
1175 2148 1198 2216 ai
1240 2163 1244 2169 ⁴

431 2250 535 2322 Pente
560 2245 717 2342 Ceperani
741 2243 836 2342 usque
861 2245 1098 2336 Radicosanum
1125 2243 1194 2342 pos·

1287 1533 1413 1610 ceteris
1439 1533 1652 1610 austoritate
1679 1533 1884 1634 pollebant,
1911 1535 2054 1632 qualem

1287 1633 1445 1712 finitima
1474 1663 1516 1712 ac
1541 1633 1700 1738 opposta
1729 1654 1899 1737 perpetuo
1924 1633 2055 1710 Orien·

1288 1738 1414 1813 talium
1453 1742 1710 1838 Imperatorum
1738 1736 1898 1839 potentia
1933 1736 2062 1838 exige·¹

1290 1841 1369 1915 bat.
1397 1840 1541 1916 Francis
1567 1846 1654 1916 verb
1678 1839 1832 1942 Regibus
1859 1837 1966 1914 Italis
1992 1865 2054 1940 po·

1287 1941 1388 2036 titis,
1414 1941 1581 2020 elatiores
1609 1941 1720 2018 etiarn
1756 1941 1894 2018 animos
1929 1939 2053 2018 induc·

1288 2061 1369 2120 runt
1386 2043 1496 2120 iidem
1513 2047 1629 2122 Duces
1646 2041 1866 2134 Beneventi,
1881 2041 2053 2136 Arichis,

1289 2143 1358 2221 srue
1378 2144 1542 2246 Arigisus
1565 2149 1671 2236 Dur,
1690 2163 1863 2245 quantum
1882 2145 1976 2222 vires
1995 2163 2053 2221 tu·

1285 2249 1426 2340 lerunt,
1451 2249 1586 2326 Carolo
1611 2252 1749 2350 Magno
1777 2246 1955 2340 obnixus,
1980 2247 2052 2322 im·

425 2341 506 2442 sesso
532 2345 577 2422 0·
600 2345 749 2444 dispnstto
778 2343 911 2445 paer'fim
934 2373 973 2419 ae
1006 2345 1108 2445 quiete
1139 2370 1197 2444 pro
1227 2369 1257 2440 ς
1288 2349 1432 2442 petratis
1459 2349 1602 2426 tandem
1640 2349 1909 2426 conditionibus
1945 2347 2051 2426 levis·

431 2447 554 2540 nollem
578 2447 770 2548 teeeptaeteo
791 2448 993 2522 voluntaris.
1287 2449 1389 2527 fimat
1415 2449 1625 2545 seruitutis,
1652 2451 1716 2528 vix
1741 2479 1823 2528 eum
1850 2449 2051 2530 Dominum

483 2555 610 2626 Datum
628 2550 805 2640 lateram,
821 2553 895 2624 llll.
917 2550 1087 2624 Kalendas
1099 2553 1194 2623 Mar-
1286 2553 1456 2654 agnouit.
1491 2553 1720 2630 Grimoaldus
1753 2572 1874 2630 autem
1908 2554 1983 2656 ejus
2009 2551 2052 2628 si·

430 2650 495 2745 tii,
523 2649 734 2746 Pontificatum
759 2649 854 2740 odiri
878 2659 980 2726 Anno
1001 2657 1145 2748 Quinta.
1287 2657 1380 2746 lius,
1406 2653 1573 2756 disruptis
1608 2655 1707 2732 brevi
1744 2655 1879 2758 paliis,
1903 2657 1942 2732 te
1968 2660 2052 2732 Mo·

484 2751 596 2830 Hisce
621 2751 758 2832 Literis
791 2750 986 2854 fignificare
1012 2755 1092 2828 uult
1119 2757 1193 2828 Ho·
1287 2753 1430 2832 narchil
1455 2757 1612 2857 arrepti,
1637 2755 1774 2833 uariam
1806 2757 1893 2834 belli
1920 2756 2051 2834 sortem

429 2855 555 2934 notius
583 2853 773 2948 Pontifex,
810 2881 960 2952 magnam
982 2877 1108 2954 partem
1132 2861 1193 2928 Ca·
1285 2875 1409 2934 contra
1445 2863 1660 2936 Francorum
1693 2879 1836 2962 gentem
1863 2859 2051 2940 sustinuit·

431 2957 568 3032 mirmur
600 2953 782 3054 Comitiffae
819 2957 1003 3032 Mmbildis
1038 2975 1141 3034 antea
1174 2960 1197 3030 cl
1285 2965 1472 3058 supremae
1497 2959 1623 3040 deinde
1649 2966 1874 3040 Francorum·
1895 2987 1935 3038 ac
1961 2965 2052 3038 Ger·
2139 3027 2144 3036 .

430 3061 540 3136 urriis
561 3059 699 3157 perfeceris
724 3073 954 3162 occupatam,
981 3059 1123 3136 demum
1145 3061 1193 3134 A·
1254 3067 1257 3074 '
1287 3059 1505 3138 manicorum
1533 3061 1720 3140 Caesarum
1748 3063 1882 3142 ditioni
1911 3062 2050 3162 sequi·

430 3159 621 3265 pusiolicae
645 3159 725 3238 Sodi
747 3161 942 3238 restitutam
970 3161 1090 3236 luisse.
1120 3159 1194 3236 Pri·
1287 3163 1367 3238 dem
1393 3162 1622 3240 subdiderunt
1644 3168 1718 3264 ejus
1739 3166 1972 3256 Succell'ores,
1992 3165 2052 3246 scal

432 3289 495 3340 mo
529 3259 684 3336 recenset
723 3283 823 3334 tetum
856 3269 1017 3336 Ducacum
1050 3263 1193 3356 spoleta·
1224 3216 1256 3286 D
1285 3263 1428 3340 sublimi
1456 3263 1679 3378 Principatus
1703 3265 1777 3360 jure
1800 3264 1864 3340 fibi
1890 3265 2049 3340 servato.

389 3409 391 3414 ·
434 3389 532 3452 uum,
551 3364 586 3438 δι
606 3361 645 3442 in
665 3358 735 3436 fine
754 3363 938 3436 Manlium
954 3362 1196 3436 Anconitanum
1284 3369 1403 3460 Quare
1437 3387 1510 3438 non
1534 3362 1666 3462 inpuris
1700 3361 1834 3462 scripsit
1868 3365 2049 3438 Camillus

433 3491 539 3568 quam
563 3465 775 3562 postmodum,
801 3463 875 3556 ait,
900 3463 1016 3538 disesia
1036 3460 1111 3554 filio
1127 3467 1192 3558 No·
1285 3463 1505 3566 Peregriniut
1548 3463 1587 3538 in
1626 3459 1795 3565 Opuscul.
1834 3462 1879 3540 de
1927 3463 2047 3540 Finib.

317 3571 320 3582 '
433 3570 497 3646 bili
530 3569 603 3642 viro
630 3568 746 3660 Azoni
780 3565 966 3640 Marclrioni
999 3561 1125 3654 EslenJi
1159 3565 1192 3635 in
1285 3572 1412 3642 Ducat.
1452 3568 1644 3642 Beneuent.
1682 3565 1818 3658 Vidaei,
1853 3571 2048 3640 remam

432 3677 581 3746 feudum
611 3671 759 3742 duximus
785 3671 1028 3754 concedendam,
1051 3664 1193 3761 praeseu-
1285 3677 1411 3768 Reges,
1434 3669 1480 3740 θ’
1502 3668 1559 3767 qttt'
1574 3666 1642 3766 pell
1660 3667 1732 3739 illae
1755 3667 1874 3742 ltaliae
1896 3675 2050 3766 Regnum

432 3793 467 3846 ce
501 3773 714 3865 imperatore,
750 3767 951 3856 investientes
984 3767 1124 3840 eumdem
1156 3770 1197 3840 de
1284 3776 1506 3862 obtinuerunt,
1533 3770 1695 3868 ipsumque
1717 3771 1890 3864 Catulum,
1906 3771 2051 3860 firillio·

433 3871 505 3970 ipsa
530 3868 682 3948 ltsarcbia
712 3890 771 3966 pec
797 3869 975 3944 Vexillum.
1011 3873 1066 3944 De
1092 3867 1192 3972 huju-
1217 3895 1220 3902 ·
1285 3873 1314 3942 ri
1338 3873 1472 3968 quadarn
1491 3869 1568 3966 jure
1589 3873 1796 3969 spalatanum
1813 3877 1975 3947 Duarum
1996 3875 2051 3946 tlt·

434 3971 548 4050 smodi
586 3970 793 4048 Investitura
821 3971 1003 4048 Marchiae
1034 3971 1192 4062 Anconi-
1284 3974 1410 4046 nexium
1443 3970 1583 4068 labuiffe
1605 3995 1685 4072 prae
1718 3979 1967 4066 Beneuearana,
1992 3975 2051 4072 qui

432 4093 537 4152 tanae
563 4072 757 4152 Ellensrbus
781 4071 1005 4174 Principibus
1031 4073 1112 4150 data
1139 4073 1191 4148 in·
1252 4123 1255 4128 -
1285 4075 1462 4148 memoratis
1480 4075 1627 4170 Regibus
1640 4072 1950 4172 wiligaliseaamm
1958 4075 2049 4166 suit.

433 4177 486 4254 ira
520 4173 633 4252 sermo
659 4195 812 4253 recurret
847 4175 886 4252 in
922 4174 1083 4276 sequenti
1111 4174 1191 4250 Dis·
1287 4177 1421 4274 Utique
1460 4173 1683 4275 Eginbardus
1723 4177 1762 4250 in
1799 4177 1886 4252 Vita
1920 4175 2048 4253 Caroli

432 4281 514 4356 sert.
550 4281 615 4352 vt.
652 4279 692 4348 de
730 4279 1001 4353 Marchienilur.
1042 4279 1194 4378 Reliqua
1287 4276 1411 4378 Magni
1447 4275 1607 4369 tradens,
1641 4299 1747 4376 quam
1780 4280 1886 4376 longe
1919 4276 2050 4358 ditata·

434 4381 589 4464 Chartae
615 4378 718 4476 hujus
745 4381 849 4454 uerba
879 4377 1072 4478 respiciunt
1097 4378 1193 4454 here·
1284 4397 1361 4454 tum
1387 4376 1495 4454 suerit
1521 4378 1595 4478 ejus
1621 4377 1834 4480 imperinm,
1868 4377 1963 4454 inter
1988 4377 2050 4456 do·

433 4485 584 4574 ditarem
615 4479 795 4559 ditionum
814 4480 1024 4559 comitissae
1043 4480 1194 4556 Mathis·
1287 4483 1434 4556 bellatas
1461 4477 1697 4580 subicisasque
1718 4479 1924 4556 Provincias
1944 4487 2048 4554 Beue·

433 4588 487 4664 dis
511 4586 550 4664 in
575 4583 657 4660 aliis
681 4581 795 4679 tocie;
821 4607 861 4656 ac
883 4601 1065 4684 propterea
1089 4583 1195 4660 intel·
1283 4603 1458 4658 cumanam
1483 4609 1624 4682 quoque
1646 4579 1822 4658 recenset.
1843 4581 1918 4682 lpse
1936 4581 2045 4658 etiam
2122 4629 2124 4634 ,

432 4688 602 4788 ligimus,
628 4684 703 4784 ejus
729 4677 1090 4760 dominationi'olim
1119 4683 1193 4762 sub·
1285 4687 1436 4764 Carolus
1462 4683 1501 4759 in
1527 4683 1682 4784 quodam
1709 4682 1840 4760 Edislo
1866 4685 1956 4784 apud
1980 4687 2046 4760 ue.

434 4791 596 4891 junslum
637 4785 736 4862 luisse
776 4790 937 4860 Ducatum
969 4787 1117 4882 Spoleti,
1152 4789 1197 4860 (θ’
1285 4785 1419 4862 lucium
1443 4788 1564 4862 Tomo
1584 4789 1612 4860 1.
1637 4789 1714 4888 pag.
1732 4791 1821 4884 985.
1847 4787 2045 4884 Capitular.

434 4893 620 4964 Marabiem
651 4893 824 4964 Anconae.
860 4885 931 4962 His
962 4887 1071 4980 addc,
1107 4915 1196 4988 quae
1286 4915 1357 4962 non
1381 4888 1500 4965 minus
1517 4893 1658 4962 Francos
1674 4913 1780 4986 quarn
1805 4893 2045 4964 Bencenncauer

434 4992 476 5070 in
501 4990 752 5068 Dissertatione
775 4987 1063 5090 Chorographica
1086 4990 1197 5067 medii
1283 4989 1402 5066 eidem
1416 4993 1513 5088 Lege
1532 4985 1758 5090 constringit.
1777 4991 1825 5061 Et
1843 5013 1953 5086 quum
1969 4995 2046 5068 An·

439 5094 519 5178 aevi
546 5095 668 5170 Tomo
686 5095 732 5170 ll.
759 5097 841 5172 tter.
866 5091 1021 5171 italicar.
1043 5073 1218 5200 animali
1268 5097 1334 5187 sno
1359 5093 1562 5172 Decem.
1589 5095 1770 5168 Ducatum
1788 5087 1885 5168 inter
1907 5091 2048 5214 separ-

504 5269 510 5278 .
1751 5235 1758 5256 1
1931 5209 1996 5274 titt
