4532 6154
303 454 388 561 ⁴33
581 434 1090 526 nrsseureueo
1161 437 1527 528 suerrus.
1715 455 1805 553 ομ·

242 558 348 632 Villas
378 558 450 630 illis
474 576 691 654 nuncupantes
715 555 879 649 Rabida,
905 561 998 630 Mon·
1032 553 1068 626 A
1098 554 1221 628 nomine
1245 556 1362 644 dedisli
1373 611 1386 648 ,
1421 555 1500 644 idesl
1524 551 1666 642 Eccleda
1690 557 1774 650 illa,
1809 557 1861 629 cui

242 659 352 749 ticelo,
376 658 563 749 scandinio,
590 657 768 748 Blcntina,
788 660 909 750 Fleuo,
927 665 1003 734 An·
1097 659 1289 732 uocabulum
1307 663 1350 745 cst
1370 657 1486 730 Sanl'li
1503 659 1654 754 Quirici,
1681 661 1726 730 (9·
1739 657 1861 752 sunda·

238 762 320 856 glo,
354 762 529 848 Pericetto,
565 758 799 849 Ermenriano,
835 759 1003 853 oblfiano,
1097 781 1199 834 mento
1224 762 1268 830 (9·
1293 759 1432 852 casalino
1457 759 1515 831 ills
1538 763 1578 831 de
1603 757 1743 844 Ecclesia
1773 767 1862 832 San·

244 862 391 956 Tricase,
420 864 493 935 Vico
518 861 626 952 Virri,
660 862 808 950 Ortalia,
844 861 1003 956 Buliscia·
1096 861 1144 934 ere
1167 862 1290 953 Jolille
1315 863 1349 932 in
1375 861 1439 933 loco
1463 860 1665 934 Cornatbano
1694 860 1782 954 juris
1808 861 1861 958 ip.

243 987 302 1054 no,
340 964 397 1038 vel
435 988 495 1059 qus
528 963 564 1034 in
598 963 677 1036 aliis
712 961 811 1058 Villis
843 964 1003 1038 abitantes
1090 963 1159 1050 stus
1198 962 1406 1060 Episcopatui
1445 960 1570 1050 veslro:
1610 961 1764 1054 Ecclefia
1784 986 1861 1034 vcro

236 1064 318 1157 sunt
341 1084 399 1138 aut
417 1063 562 1156 suerint,
589 1063 624 1136 in
649 1064 808 1160 integrum
833 1066 923 1137 nobis
948 1093 1001 1140 eas
1098 1065 1166 1159 ipsa
1190 1064 1304 1139 sanus·
1332 1063 1463 1160 ⁸Quiriti
1485 1089 1554 1136 cum
1577 1063 1789 1153 fundamento
1815 1063 1860 1132 (9

241 1165 398 1238 libellario
432 1165 555 1238 nomine
587 1163 704 1252 dedisti
715 1192 737 1252 ,·
764 1163 864 1251 fimul
889 1169 934 1238 (9·
958 1169 997 1240 li·
1096 1165 1219 1259 edificio
1247 1167 1306 1259 suo
1332 1167 1376 1240 (9·
1405 1162 1479 1260 jan
1501 1164 1587 1238 diblo
1620 1162 1760 1257 casalino
1794 1171 1881 1236 Ec··

241 1267 373 1338 bellaria
392 1266 514 1339 nominc
530 1267 647 1355 dedisti
664 1267 772 1358 nobis,
792 1266 869 1355 idest
886 1269 999 1340 duode-
1093 1267 1178 1354 clesie
1204 1267 1347 1358 Jolible,
1383 1294 1452 1342 curn
1477 1266 1620 1338 omnibus
1654 1266 1745 1338 rebus
1769 1267 1858 1336 dum·

240 1369 301 1438 cim
327 1368 412 1439 inter
434 1366 525 1452 Calis
551 1369 596 1440 (9·
620 1367 749 1453 Cafinis
766 1368 825 1461 seu
849 1371 937 1442 Ortis
956 1372 1000 1442 (9·
1095 1369 1211 1443 nicatis
1236 1370 1281 1441 (9
1305 1371 1396 1442 rebus
1420 1365 1607 1462 massariciis
1630 1367 1676 1440 ad
1700 1392 1754 1439 eas
1784 1387 1857 1462 pcr·
1949 1438 1952 1444 .

241 1471 333 1542 rebus
379 1465 565 1560 massariciis
596 1468 686 1564 juris
725 1468 860 1556 Ecclelie
900 1471 999 1560 vestre
1032 1464 1060 1534 Β
1095 1471 1291 1562 tinentibus,
1332 1497 1400 1542 cum
1441 1471 1562 1560 curtis,
1601 1467 1698 1559 ortis,
1739 1467 1856 1558 terris,

242 1567 358 1642 Sanlli
391 1571 557 1662 sobonnis
599 1569 767 1668 Baptillae
804 1573 848 1642 (9·
886 1573 1001 1646 Sacili
1093 1572 1222 1662 vineis,
1248 1572 1371 1664 olivis,
1390 1571 1519 1662 filaris,
1546 1569 1746 1668 virgantis,
1778 1590 1857 1668 pra·

242 1671 354 1756 Petri,
389 1674 472 1767 quod
496 1673 539 1759 cll
572 1675 670 1747 Plebe
694 1673 906 1770 Baptismalis
933 1673 1003 1760 sita
1094 1674 1159 1764 tis,
1191 1673 1339 1772 pascuis,
1375 1673 1469 1744 cultis
1494 1675 1583 1744 rebus
1607 1671 1663 1744 vel
1697 1671 1856 1762 incultis,

242 1773 313 1846 alla
340 1777 456 1860 Vena,·
480 1771 558 1858 casis
582 1776 627 1846 (9·
651 1777 741 1846 rebus
765 1799 841 1845 vero
863 1774 939 1870 ipfis
956 1776 998 1868 es·
1094 1775 1200 1848 omnia
1225 1775 1270 1848 lb'
1295 1776 1329 1846 in
1355 1773 1498 1846 omnibus
1532 1775 1622 1846 rebus
1655 1791 1793 1870 quantas
1817 1797 1856 1844 u-

237 1874 274 1965 se
297 1871 427 1944 videtur
453 1873 487 1944 in
513 1875 576 1946 loco
594 1876 638 1948 (9
656 1875 760 1968 fundo
785 1875 930 1950 olivero.
959 1885 999 1950 U·
1094 1877 1186 1972 bique
1212 1876 1246 1946 in
1272 1877 1413 1974 qualibet
1438 1875 1512 1948 locis
1529 1877 1586 1946 orel
1607 1873 1770 1946 vocabulis
1786 1894 1855 1946 tam

244 2001 287 2044 na
312 2001 350 2044 erc
385 1972 460 2060 ifis
494 1978 637 2050 detinent
674 1976 747 2068 Urso
782 1976 826 2048 (9
850 1983 883 2068 J
884 1979 1002 2048 obanni
1094 1978 1285 2050 domnicatis
1315 2003 1411 2074 quam
1437 1977 1481 2046 (9
1514 1971 1700 2070 massariciis
1723 1976 1768 2048 dd
1802 2001 1857 2048 cd·

236 2075 394 2148 Germani
418 2073 572 2170 Massurii
581 2129 713 2152 .......
732 2076 861 2150 lumbo.
889 2079 1000 2152 Tertia
1090 2079 1178 2168 sdem
1205 2077 1359 2164 Ecclestas
1383 2076 1498 2149 Sanlli
1522 2076 1651 2171 Quirini
1676 2077 1720 2146 (9
1737 2075 1855 2148 Sanble

240 2181 359 2272 Agge.
386 2183 515 2272 ,Quarta
539 2179 660 2250 detinet
684 2180 870 2273 Goprando.
892 2181 999 2273 ,Quiu-
1085 2186 1117 2270 J
1119 2179 1234 2252 ulibbae
1260 2179 1342 2270 sunt
1363 2179 1596 2276 pertinentibus
1632 2176 1666 2249 in
1697 2176 1855 2272 integrum

240 2293 277 2347 ta
303 2280 471 2348 Memno.
506 2281 605 2350 Sexta
642 2279 822 2350 Dominico.
856 2282 999 2375 Septima
1094 2281 1137 2352 (9
1162 2300 1199 2350 ut
1226 2278 1373 2376 superius
1406 2279 1504 2368 dixi,
1535 2276 1712 2374 predrllum
1747 2276 1854 2349 reddi·

239 2374 360 2446 detinet
376 2374 451 2467 filii
476 2380 576 2450 Leoni
589 2434 600 2453 .
634 2379 758 2452 octava
791 2380 913 2451 detinet
939 2387 996 2454 Le·
1029 2391 1158 2466 otum
1183 2380 1438 2452 &debitionem
1462 2389 1503 2450 de
1524 2379 1710 2472 jamaeuis
1733 2378 1853 2471 Villis,

239 2475 331 2550 rinc.
357 2481 453 2552 Nona
470 2481 655 2570 Jobannis.
682 2479 814 2552 Decima
838 2483 995 2554 Adalber·
1093 2509 1151 2578 que
1176 2483 1220 2554 ad
1244 2483 1334 2554 ambo
1362 2479 1546 2576 supradidle
1580 2478 1715 2564 Ecclesie
1743 2478 1853 2552 Plebis

238 2598 293 2650 to.
323 2581 494 2650 Undecima
519 2581 584 2652 alio
600 2589 631 2672 J
633 2581 769 2652 obanni.
807 2583 1000 2656 Duodecimn

240 2683 409 2750 Lamberro
422 2703 438 2747 .·
463 2705 530 2749 cum
557 2679 706 2765 Ecclesiis
723 2679 876 2774 subjeblis
902 2681 999 2780 ipfiuc

240 2778 371 2870 Plebis,
404 2780 466 2849 duo
491 2779 525 2850 in
551 2785 694 2853 bonorem
719 2789 820 2854 Beate
854 2785 999 2881 Virginis

241 2878 375 2969 Mario,
400 2905 465 2951 una
489 2907 528 2952 erc
552 2883 621 2978 ipsa
638 2883 706 2969 sita
732 2889 837 2972 Luto,
862 2884 931 2958 alia
956 2889 1001 2958 ad

241 2979 462 3069 Antoniana,
504 2984 600 3056 certia
639 2985 673 3056 in
712 2985 854 3056 bonorem
887 2986 1002 3059 saeue·

242 3079 371 3176 Georgii
389 3079 458 3166 sita
482 3081 519 3153 in
542 3085 646 3156 eodem
670 3087 733 3157 loco
756 3085 892 3177 Cisano.
927 3093 999 3164 Has

240 3181 281 3252 de
306 3181 408 3252 omnis
435 3181 547 3272 noslris
574 3184 651 3271 casis
676 3186 721 3258 (9·
745 3185 885 3280 casinis,
917 3191 1000 3266 mis

242 3283 286 3352 (9·
320 3285 411 3356 rebus
444 3281 650 3378 masariciis,
690 3315 758 3360 cum
794 3287 866 3382 sam
903 3290 1000 3363 dillis
1029 3303 1064 3374 D
1092 3295 1130 3364 bo
1166 3289 1294 3364 Plcbcm
1329 3289 1561 3386 pertinentibus
1594 3289 1628 3361 in
1667 3289 1851 3386 integrum,
1976 3309 1978 3316 ‘

240 3382 390 3469 Ecclefiis
415 3385 459 3454 (9·
484 3387 593 3458 ritulis
620 3388 774 3481 subjeblis
802 3389 899 3485 ipsus
924 3393 993 3465 Ple·

240 3483 310 3572 bis,
339 3483 398 3576 seu
430 3511 499 3556 cum
532 3487 609 3559 aliis
643 3489 721 3576 castr
756 3493 799 3562 (9·
832 3494 922 3564 rebus
955 3501 999 3564 ad

240 3583 370 3656 medem
388 3585 499 3676 sanllc
522 3589 631 3662 Plebis
652 3593 831 3688 generalem
840 3642 954 3666 ......
965 3593 999 3665 in

240 3684 399 3779 integrum
432 3686 614 3784 ubicumque
646 3693 898 3788 pertinentibus,
932 3721 1000 3765 sum

202 3797 207 3806 ·
235 3783 527 3872 fundamentis&
560 3787 717 3874 nniversts
744 3792 880 3882 fabricis
906 3793 1000 3886 suis,

240 3883 358 3972 curtis,
385 3883 483 3975 ortis,
501 3886 630 3979 vincis,
649 3889 768 3980 olivis,
787 3891 910 3983 silvis,
928 3895 997 3966 vir·

235 3985 366 4080 gaceio,
389 3985 516 4081 pratis,
540 3987 686 4084 pascuis,
712 3993 806 4064 cultis
831 3996 920 4066 rebus
943 3995 1000 4066 vel

240 4087 394 4176 incultis,
429 4113 497 4158 cum
521 4089 672 4163 movilias
697 4094 802 4166 omnia
828 4093 873 4164 (9·
900 4094 994 4184 sami·

1092 2581 1271 2674 consuetudi
1287 2580 1430 2653 omnibus
1448 2577 1643 2676 supradiflis
1660 2579 1777 2670 villis,
1796 2580 1853 2677 qui

1094 2684 1210 2756 ibidem
1236 2682 1457 2755 babitantibus
1491 2705 1586 2778 atque
1612 2681 1647 2753 in
1673 2701 1769 2755 antea
1792 2683 1850 2754 ba·

1092 2785 1195 2859 birure
1218 2784 1350 2856 viderur
1374 2783 1551 2878 consuetudi
1576 2784 1633 2854 vel
1653 2783 1753 2855 debiti
1771 2782 1853 2876 sunt

1094 2887 1269 2974 reddendi,
1295 2905 1389 2981 atque
1415 2885 1448 2956 iu
1474 2885 1552 2958 aliis
1579 2883 1676 2956 Villis
1700 2883 1851 2958 babituro-

1092 3008 1139 3057 res
1157 2985 1263 3080 sunt,
1301 3008 1368 3057 rans
1392 2987 1494 3075 vino,
1527 2986 1653 3076 labore,
1687 2986 1773 3076 oleo,
1807 2983 1850 3054 li·

1092 3115 1189 3180 num,
1229 3107 1416 3184 argentum,
1455 3085 1583 3178 bestiis,
1621 3091 1676 3158 uel
1710 3083 1851 3182 qualibed

1093 3217 1155 3260 rem
1178 3191 1219 3262 de
1245 3189 1311 3285 ipso
1337 3189 1494 3260 redditum
1518 3189 1564 3261 ad
1582 3184 1655 3282 jam
1679 3185 1764 3258 dible
1782 3213 1851 3260 am·

1093 3418 1144 3466 cas
1170 3391 1335 3464 livellario
1359 3395 1482 3463 nomine
1499 3390 1614 3477 dedisli
1632 3389 1695 3462 tali
1720 3389 1850 3474 urdine,

1092 3515 1128 3564 ut
1162 3495 1206 3566 da
1245 3491 1391 3564 amodum
1427 3491 1462 3562 in
1498 3489 1628 3581 nosbra,
1666 3491 1722 3586 qui
1751 3491 1853 3586 supra

1088 3593 1260 3690 germani,
1299 3594 1355 3664 uel
1393 3593 1433 3664 de
1468 3589 1578 3678 nostris
1611 3589 1773 3662 heredibus
1807 3589 1852 3658 (9·

1092 3703 1151 3768 bac
1188 3693 1408 3790 proheredibus
1447 3691 1587 3782 noslris,
1614 3688 1689 3775 frere
1722 3694 1763 3760 de
1795 3687 1853 3760 ills

1091 3793 1230 3892 personis
1255 3795 1420 3886 omnibus,
1454 3791 1505 3864 cui
1531 3816 1586 3862 nos
1609 3788 1773 3864 livellario
1797 3815 1852 3862 no·

1093 3897 1178 3966 mine
1201 3897 1400 3985 dederimus,
1433 3894 1490 3964 vel
1525 3893 1637 3966 babere
1661 3891 1852 3980 conslitueri·

1093 4019 1187 4082 mus,
1223 3995 1268 4063 (9·
1299 3997 1340 4066 de
1373 4020 1476 4065 eorum
1512 3992 1677 4064 heredibus
1704 3991 1775 4078 fint
1809 3993 1854 4062 (9·

1089 4114 1295 4192 permaneant
1328 4093 1533 4190 potestatem,
1567 4092 1710 4164 omnibus
1737 4091 1853 4188 supra·

239 4188 305 4260 lias
331 4189 375 4260 (9·
399 4193 435 4260 in
461 4188 603 4262 omnibns
631 4194 721 4268 rebus
754 4214 893 4292 mansas
927 4195 995 4268 ubi·
1027 4195 1058 4266 E
1091 4194 1187 4268 ainis
1221 4193 1298 4281 casis
1323 4194 1368 4265 (9
1400 4194 1512 4284 rebus,
1541 4191 1600 4284 seu
1633 4193 1783 4266 movilias
1810 4194 1853 4262 (9·

239 4313 298 4382 que
323 4291 358 4360 in
384 4291 524 4388 qualibet
558 4292 634 4366 locis
659 4295 705 4368 ad
728 4298 820 4370 ambo
847 4296 994 4392 supradi-

237 4387 285 4458 de
310 4393 419 4463 Plebis
445 4393 488 4464 (9·
508 4391 582 4488 sam
605 4394 703 4468 diuis
728 4393 875 4482 Ecclefiis
893 4398 937 4470 (V
956 4398 997 4468 ti·

237 4488 318 4560 culis
343 4491 387 4562 (9
405 4495 450 4565 ad
470 4497 699 4591 prenominatis
718 4499 816 4571 Villis
835 4497 914 4589 suns
929 4519 997 4596 per·

237 4589 434 4683 sinentibus,
470 4597 574 4692 adque
598 4597 633 4668 in
659 4620 756 4672 antea
781 4598 900 4671 ibidem
928 4623 997 4698 pcr-

238 4689 374 4766 tinentcs
393 4695 543 4786 suerint.
579 4703 683 4793 ¹Quem
707 4701 818 4773 Plebis
854 4700 916 4796 ipse
942 4697 999 4796 esse

238 4793 391 4868 videntur
419 4798 459 4866 dc
487 4798 550 4889 sub
583 4799 737 4895 regimine
774 4801 820 4872 (9·
850 4801 999 4897 potestate

231 4892 414 4990 supradiblc
428 4896 565 4983 Ecclesie
582 4901 791 4999 Episcopatui
809 4903 912 4990 veslro
923 4903 995 4992 san·

236 4994 284 5064 &e
311 4999 444 5090 Mario,
470 4999 505 5070 in
532 5003 688 5096 integrum
714 5029 767 5076 eas
793 5005 881 5077 nobis
906 5004 1001 5076 livel-

219 5095 324 5171 'lario
348 5101 470 5174 nussim
493 5101 630 5194 dedisti.
663 5107 747 5180 'Item
773 5107 817 5180 0·
841 5105 1002 5184 libellario

1086 4296 1255 4388 samilt'as,
1295 4315 1389 4390 atque
1422 4292 1496 4388 jam
1532 4292 1619 4366 dublo
1650 4294 1773 4366 reddire
1809 4294 1854 4361 (9·

1090 4397 1278 4470 debitionem
1312 4398 1353 4469 dc
1386 4397 1476 4469 ambo
1504 4393 1715 4493 suprascripte
1742 4391 1854 4486 sanllt

1090 4499 1200 4572 Plebis
1231 4497 1487 4596 pertinentibus,
1522 4519 1616 4594 atque
1642 4497 1677 4568 in
1701 4515 1796 4566 antea
1823 4494 1850 4564 i·

1090 4602 1194 4674 bidem
1224 4600 1381 4698 pertinere
1404 4597 1596 4694 dignoscitur
1604 4625 1625 4686 ,·
1659 4621 1709 4666 eos
1734 4595 1852 4668 baben·

1089 4702 1148 4792 di,
1189 4700 1339 4792 tenendi,
1381 4699 1583 4798 imperandi,
1621 4699 1763 4770 laborare
1796 4695 1853 4788 su·

1090 4801 1214 4891 ciendi,
1250 4803 1294 4872 (9
1320 4802 1408 4874 nobis
1433 4827 1487 4874 eas
1509 4801 1641 4896 privato
1666 4796 1789 4868 nomine
1814 4822 1852 4868 u·

1083 4901 1308 4998 sustublandi.
1334 4907 1385 4976 Et
1404 4901 1561 4993 satiamus
1586 4898 1697 4970 exinde
1721 4925 1758 4969 erc
1779 4895 1852 4987 sect·

1087 5005 1184 5102 gibus
1208 5029 1314 5078 earum
1349 5029 1449 5074 rerum
1473 5001 1529 5074 vel
1562 4998 1703 5093 censum,
1738 4991 1852 5096 quibus

1089 5106 1202 5181 exinde
1236 5105 1394 5184 Durninus
1427 5103 1579 5196 dederat,
1617 5101 1661 5174 (9
1690 5097 1852 5294 pstedillas

1720 5227 1801 5276 amr.
