4628 6148
486 455 572 539 223
783 425 1183 544 ANTQHT.
1240 419 1467 511 Menti
1519 425 1694 516 Αινι
1901 463 1988 548 224

423 555 555 617 matus.
584 543 760 635 Iustitiam
780 547 884 636 farere
909 571 952 618 eo
977 547 1016 617 in
1048 547 1131 616 loco
1157 542 1186 616 i·
1205 547 1252 618 tA
1285 538 1359 634 set,
1393 569 1484 642 quae
1509 547 1659 637 omnia,
1686 563 1728 622 ut
1751 547 1974 643 ausemnrnr,
2010 581 2048 627 e·

426 642 507 717 dem
533 643 698 738 videtur,
735 673 775 720 ac
813 645 897 742 justa
932 643 1071 735 facere,
1107 643 1190 744 juste
1286 642 1397 719 dicit.
1422 643 1555 718 Eadem
1578 649 1716 723 radone
1736 651 1909 752 explicari
1935 655 2047 753 potcli

424 745 565 846 operari
601 763 679 820 tum
715 747 754 821 in
790 743 823 819 se
858 743 963 845 ipso,
999 764 1077 820 tum
1110 772 1190 848 erga
1286 749 1363 821 Lex
1395 769 1452 844 17.
1481 746 1628 846 Pippini
1656 751 1761 850 Regis
1787 753 1939 828 italiae:
1974 761 2048 825 Ste-

424 847 660 946 proximum,
695 846 945 946 potiusquam
975 847 1110 936 Judicis
1146 849 1191 921 ti·
1286 847 1329 916 tit
1354 850 1444 920 noio
1465 851 1507 918 de
1530 850 1675 920 omnibns
1697 852 1889 948 libellario,
1911 877 1949 926 er
1973 857 2048 928 aal-

425 949 507 1020 tulo
532 963 639 1044 atque
665 945 879 1022 auiioritate
905 947 1075 1046 justitiam
1111 949 1192 1023 aliis
1284 948 1337 1019 ius
1358 955 1487 1041 Cernes,
1514 977 1569 1022 ree
1582 953 1738 1044 Junirrer
1759 979 1882 1045 mn,
1905 983 1955 1028 ers
1977 983 2048 1030 ern·

422 1045 642 1120 ministrare.
668 1051 710 1121 In
730 1053 828 1149 Lege
849 1049 1068 1149 Langobard.
1090 1055 1191 1124 vul
1281 1049 1370 1146 piiss
1402 1053 1624 1148 distringant,
1659 1079 1715 1124 nee
1748 1053 1948 1149 inquietent,
1983 1057 2049 1144 sifi

425 1147 575 1246 Pippini
593 1147 719 1224 ltaliae
737 1151 862 1250 Regis:
882 1153 924 1222 Si
935 1151 1071 1241 forsitan
1086 1158 1185 1224 Fren-
1278 1149 1363 1235 ficret
1394 1157 1419 1223 d
1451 1155 1546 1250 lenge
1577 1173 1711 1250 tempere
1738 1152 1808 1243 fuit
1840 1157 2046 1249 consuetude.
2148 1229 2152 1236 ,

424 1275 479 1322 cus
495 1269 555 1322 cut
573 1254 825 1348 longobardas,
853 1254 972 1324 babens
988 1252 1191 1346 homicium,
1286 1252 1379 1327 Heic
1405 1253 1591 1350 distringere
1624 1253 1720 1328 idem
1746 1253 1794 1327 eii
1818 1281 1859 1328 ae
1893 1257 2046 1333 nollrum

422 1347 586 1444 justitiam
605 1352 710 1442 secere
735 1355 893 1446 noluerit,
922 1357 979 1424 ille
995 1361 1026 1446 J
1028 1359 1130 1447 odes,
1158 1358 1192 1426 in
1284 1379 1485 1450 aggravare,
1512 1353 1654 1454 ejusque
1680 1353 1950 1456 fignificationis
1975 1361 2048 1434 alie

423 1455 516 1546 cujus
550 1453 720 1542 ministerio
748 1455 876 1546 furit,
910 1460 1106 1530 contradicat
1140 1458 1193 1528 illi
1228 1461 1253 1531 Β
1282 1459 1444 1556 exempla
1463 1457 1662 1530 abundant.
1690 1453 1820 1530 Rursus
1842 1457 1938 1532 idem
1964 1461 2048 1560 Pip-

425 1552 609 1646 benficium
633 1557 702 1628 (tr.
738 1561 827 1632 Sunt
851 1559 887 1630 δι
911 1557 983 1632 alia
1012 1557 1189 1656 hujusmo-
1286 1559 1387 1654 pinus
1414 1561 1452 1633 in
1474 1562 1573 1658 Lege
1596 1581 1656 1633 22.
1680 1559 1752 1632 ait:
1780 1560 1912 1630 Placuit
1936 1562 2047 1654 uren,

424 1653 490 1729 di.
526 1659 648 1751 Quare
676 1685 719 1732 ex
749 1658 826 1778 ipso
852 1659 1055 1759 Capitulari
1089 1660 1189 1759 supra

424 1755 571 1832 laudato
597 1757 713 1834 sensns
739 1759 798 1834 huc
824 1787 1001 1862 emergere
1026 1760 1187 1836 videtur:

423 1859 589 1934 Comites
614 1859 784 1938 nimirum
811 1865 848 1936 lle
866 1863 1098 1952 Centenarii,
1121 1863 1189 1937 boc

424 1957 475 2032 eli
499 1959 661 2054 Iudices,
697 1990 850 2062 quorum
880 1991 1000 2040 resera
1026 1963 1097 2040 suit
1123 1965 1186 2041 mi·

425 2059 568 2138 nistrare
594 2067 733 2158 Populo
757 2065 951 2166 justitiam,
972 2069 1009 2139 de
1036 2070 1175 2166 compel

424 2162 499 2235 lere
524 2163 764 2264 quoscumque
790 2167 834 2241 ad
864 2170 978 2268 Leges
1007 2165 1189 2242 servandas

429 2283 537 2362 atque
581 2265 800 2366 implendas,
843 2268 1011 2368 jubentur
1053 2269 1192 2368 adigere

425 2391 530 2438 onnes
546 2368 592 2440 od
613 2367 771 2454 iustitiam
790 2370 991 2459 sariendam.
1014 2373 1078 2444 Sed
1103 2397 1184 2469 quo
1222 2373 1242 2442 (
1284 2369 1453 2461 mitibus,
1482 2369 1525 2444 de
1550 2393 1702 2468 quorum
1729 2365 1945 2466 impotentia
1974 2369 2045 2440 Po·

424 2467 524 2542 niam
551 2467 708 2544 Miniliri
735 2472 770 2543 de
806 2470 1000 2546 familiares
1027 2476 1190 2566 Ducum,
1283 2475 1383 2572 pulus
1415 2472 1713 2569 conquerebatur.
1746 2467 1940 2568 Gregorius
1964 2470 2043 2542 Tu-

423 2569 638 2660 Comitum,
663 2571 889 2670 aliorumque
909 2573 1099 2648 Reslorum
1123 2577 1185 2660 Po-
1280 2570 1431 2648 ronensts
1452 2573 1534 2648 Lib.
1553 2593 1587 2666 ς.
1603 2575 1691 2672 Cap.
1707 2593 1767 2665 27.
1783 2567 1914 2643 Histoe.
1932 2571 2040 2641 Fran·

422 2671 524 2770 puli,
549 2673 584 2745 de
611 2671 798 2766 luditum,
826 2674 910 2748 idest
927 2680 1103 2767 Junirrrs,
1127 2701 1187 2773 po·
1281 2699 1351 2747 cor.
1378 2673 1420 2746 ad
1448 2677 1596 2746 Annum
1624 2674 1867 2748 uLxxvnl.
1894 2667 2039 2742 scribit:

422 2773 538 2848 rentii
573 2773 632 2847 sui
666 2775 876 2868 abutentes,
906 2779 1044 2875 Populo
1078 2775 1185 2850 inter·
1281 2777 1353 2862 Poll
1376 2775 1450 2848 brec
1471 2775 1669 2872 chilperieru
1693 2781 1767 2846 Rea
1789 2774 1831 2843 de
1850 2771 2040 2870 pauperibus

423 2873 508 2950 dum
527 2902 652 2976 graves
671 2901 711 2950 ac
736 2876 860 2976 injurii
880 2877 1099 2966 evadebant,
1123 2879 1190 2952 no-'
1281 2879 1325 2946 (Y
1349 2877 1543 2968 Jcnieribur
1575 2875 1758 2965 Ecclefiee,
1793 2873 1850 2944 etei
1883 2871 2042 2956 Brstliere

423 2977 616 3076 lebantque
641 2976 769 3052 damna
794 2997 856 3052 aut
882 2979 1009 3074 probra
1034 2979 1118 3052 aliis
1143 2977 1185 3052 il·

424 3079 497 3152 lato
524 3077 734 3166 emendare,
771 3100 832 3154 aut
867 3079 991 3178 inique
1026 3078 1186 3179 usurpata

423 3177 634 3254 rellituere:
677 3181 813 3254 idcirco
850 3178 1036 3270 sancitur,
1077 3199 1118 3254 ut
1156 3181 1185 3256 ii

1284 1682 1320 1730 ut
1353 1661 1464 1731 nasius
1489 1667 1625 1751 Comes,
1659 1687 1714 1730 see
1746 1685 1850 1730 cerum
1868 1663 2045 1754 Jueims,

1283 1762 1467 1836 nuliatenus
1495 1767 1677 1860 praelum
1700 1761 1802 1833 oiieui
1833 1761 1956 1832 hmini
1981 1763 2047 1854 sua

1282 1863 1458 1950 testimonie
1480 1866 1611 1953 tallere,
1628 1863 1685 1934 vei
1701 1861 1876 1950 abstrahere
1893 1863 1963 1936 Ue.
1989 1867 2046 1938 ἰο

1282 1965 1403 2038 omnia
1429 1964 1614 2055 recidunt,
1640 1983 1682 2038 ut
1706 1963 1917 2063 reprimatur
1940 1962 2045 2038 auda

1283 2065 1338 2138 cia
1363 2091 1436 2139 non
1461 2065 1652 2155 Indicum,
1678 2063 1735 2138 sed
1762 2063 1815 2138 uti
1845 2091 1938 2140 nunc
1963 2065 2046 2138 nul·

1282 2167 1512 2266 pudicitur,
1539 2165 1777 2250 Aulicorum,
1812 2163 1870 2238 sen
1896 2165 2046 2238 Officia·

1283 2269 1371 2342 liurn
1388 2268 1636 2370 publicorum,
1652 2269 1689 2340 dt
1704 2264 1954 2340 famulantium
1969 2269 2045 2340 Co·

1281 2981 1399 3049 bannos
1426 2976 1522 3070 juffir
1545 2977 1658 3072 erigi,
1692 2997 1749 3071 prr
1774 3001 1809 3046 en
1833 2983 1916 3070 qnod
1948 2973 1984 3044 in
2009 3000 2041 3042 e·

1280 3079 1397 3150 antestet
1432 3104 1493 3148 nott
1527 3074 1759 3170 mbuloffint.
1793 3075 1954 3150 Clericus
1989 3073 2041 3170 ju·

1282 3205 1385 3252 venes
1411 3177 1505 3252 bisce
1524 3179 1641 3254 verbis
1659 3175 1811 3252 indicari
1832 3173 1946 3250 censet
1967 3177 2041 3248 Du·

424 3280 568 3352 tandem
608 3279 651 3352 ad
678 3277 849 3380 ejusmodi
886 3280 1099 3372 ministeria,
1134 3299 1183 3355 at·
1220 3278 1252 3346 D
1281 3279 1462 3380 Congius.
1497 3279 1562 3353 Sed
1600 3279 1750 3352 minime
1778 3275 1931 3367 conflat,
1967 3276 2041 3376 jam
2109 3349 2114 3360 ,
2234 3285 2240 3294 ’

1282 3403 1357 3454 ιιιιιι
1378 3378 1518 3454 corilus
1537 3378 1637 3453 suillo
1654 3377 1816 3452 Clericus
1835 3375 1950 3450 subire
1973 3377 2042 3449 mi·

428 3406 498 3480 que
537 3379 657 3454 officio
695 3379 924 3482 deligantur,
964 3381 1028 3480 qui
1067 3383 1187 3456 nolint

1281 3481 1424 3555 liriotn:
1466 3479 1560 3578 quod
1598 3505 1718 3554 rerem
1753 3476 2043 3579 subsequentibus

425 3481 562 3557 laedere
586 3480 779 3584 justitiam.

479 3589 605 3685 Neque
630 3586 773 3659 deerant
799 3583 837 3658 id
871 3611 980 3684 genus
1006 3577 1193 3676 Minillri,

423 3713 465 3760 ac
491 3687 628 3760 nobiles
664 3684 813 3774 famuli,
839 3685 902 3782 qui
930 3687 989 3758 vel
1015 3685 1186 3760 adhibitis

424 3787 607 3884 precibus,
634 3787 692 3859 vel
720 3803 817 3858 metu
844 3785 1044 3885 injeilo,b
1072 3791 1183 3884 Popu-

423 3889 464 3964 lo
479 3885 746 3986 'extorquebant
773 3913 939 3980 munera,
974 3887 1186 3987 pecuniam,

424 4009 691 4080 commeatum,
726 3987 909 4074 cessuras,
945 3991 980 4063 dr
1016 3990 1087 4063 alia
1114 3992 1186 4088 eju·

426 4091 565 4183 smodi,
587 4093 715 4194 quibus
740 4110 923 4190 propterea
946 4091 1102 4165 occurrit
1120 4095 1187 4166 Ca·
1214 4111 1216 4116 '

1283 3582 1436 3656 Saeculis
1463 3581 1596 3654 foetum
1627 3579 1701 3680 est;
1737 3578 1790 3654 ita
1825 3597 1866 3653 ut
1899 3579 2042 3671 opinari

1282 3685 1389 3758 etium
1426 3681 1614 3784 poffimus,
1649 3681 1729 3755 beic
1754 3681 1812 3782 agi
1847 3679 1891 3754 de
1917 3679 2040 3755 Laicis

1285 3785 1486 3875 Minillris,
1521 3781 1592 3857 stuc
1618 3781 1762 3856 famulis
1789 3781 1889 3856 illius
1915 3781 2038 3856 Bofili·

1281 3913 1368 3960 cae.
1401 3883 1509 3980 Quod
1536 3885 1560 3958 fi
1586 3888 1736 3975 juvenes
1761 3882 1935 3958 Ecclesiae
1959 3883 2041 3958 heic

1282 3987 1533 4088 intelligendos
1545 3985 1736 4084 praesrafle
1746 3985 1956 4075 contendas,
1969 3984 2043 4058 buc

1282 4089 1414 4162 advoca
1440 4092 1589 4189 Legem·
1606 4111 1662 4160 ιο.
1689 4086 1837 4162 Codicis
1872 4085 2041 4159 Theodo·
2078 4117 2081 4122 ·

423 4196 522 4271 eolus
547 4199 701 4292 Magnus
729 4193 768 4266 in
796 4195 893 4292 Lege
918 4192 1188 4291 Langobardics
1223 4182 1250 4249 Ε
1282 4189 1365 4262 finni
1393 4189 1476 4264 Lib.
1507 4213 1564 4263 ιο.
1597 4187 1676 4263 Tit.
1705 4213 1739 4262 a.
1765 4187 1804 4260 in
1839 4212 1907 4283 qua
1934 4186 2041 4258 Cleri.

425 4319 510 4372 ιιι.
537 4296 622 4370 staec
648 4293 823 4367 scribens:
851 4295 1077 4382 Audivimus,
1104 4297 1188 4391 qood

415 4398 574 4495 juniores
597 4397 778 4484 cmiter,
814 4397 869 4465 vei
897 4395 1003 4490 aliqui
1037 4395 1189 4482 Mimstri

424 4501 654 4598 Reipublicae,
681 4493 756 4580 five
782 4495 879 4567 etiam
906 4497 1054 4565 nonnulli
1079 4495 1184 4581 sortio-

425 4630 474 4674 rer
500 4603 586 4695 Vaffi
610 4599 789 4684 Crinitum,
825 4597 969 4690 alipium
1002 4597 1184 4668 reddibitio-

425 4733 495 4776 nrm
523 4705 646 4802 (nunc
672 4697 930 4794 contriburirne)
956 4698 1011 4768 nei
1037 4697 1185 4769 eollediin-

425 4832 505 4896 nes,
531 4807 663 4904 qnidam
685 4823 744 4898 prr
764 4799 910 4895 pastum,
936 4799 1067 4894 quidem
1091 4798 1189 4870 etiam

418 4904 490 4990 fine
522 4907 631 5000 poste,
666 4900 757 5002 quali
778 4901 993 4996 deprecando,
1019 4901 1043 4970 d
1067 4899 1189 4996 Populo

425 5007 547 5102 exigere
567 5009 710 5100 solenne.
741 5005 839 5078 Tum
869 4999 940 5075 ulia
966 5025 1073 5072 onera
1100 5000 1185 5096 (ag-

421 5105 552 5207 μή)
589 5107 633 5179 ab
667 5108 715 5184 iis
749 5103 888 5210 Populo
921 5101 1036 5185 inlata
1069 5125 1187 5178 recen·

1280 4293 1324 4362 cis
1348 4292 1393 4360 Ο·
1408 4290 1597 4383 juvenibus
1627 4293 1795 4386 praebetor
1828 4289 2041 4378 immeritas,

1282 4413 1318 4462 ut
1346 4391 1554 4478 Ecelefiarrtm
1587 4411 1689 4464 coetus
1727 4393 1870 4482 concurso
1904 4393 2042 4484 Populo-

1282 4521 1349 4562 rtem
1369 4493 1607 4590 frequentetur.
1637 4487 1711 4564 Ubi
1738 4489 1839 4563 vides
1863 4492 1884 4563 i
1909 4491 2044 4564 clericis

1281 4593 1446 4695 distingui
1452 4600 1486 4686 J
1485 4617 1621 4665 evenes.
1648 4587 1744 4664 Insra
1758 4589 1919 4666 additur:
1942 4597 2043 4685 ‚Quod

1282 4697 1326 4765 (9⁶
1349 4695 1535 4794 conjugibus
1559 4693 1604 4764 &¹
1627 4692 1738 4765 diberit
1761 4718 1886 4784 ertum,
1912 4694 1957 4762 θ
1978 4697 2043 4765 mi-

1283 4797 1442 4890 nisteriis,
1468 4797 1514 4868 Q·
1538 4794 1680 4868 maribus
1700 4795 1825 4892 pariter
1848 4821 1885 4864 rr
1907 4793 2043 4882 ferinis

1281 4899 1500 4995 indulgemus.
1526 4901 1581 4970 En
1608 4913 1649 4970 ut
1673 4895 1704 4970 ii
1729 4893 1874 4990 oerjugir
1895 4919 2041 4988 operam

1279 4997 1422 5090 darent,
1448 5001 1484 5072 er
1510 4997 1682 5086 ministerio
1706 4995 1828 5092 aliquo
1854 4991 2041 5095 iungeren-

1263 5118 1363 5203 .ter3
1399 5126 1440 5176 ac
1474 5097 1624 5204 proinde
1650 5099 1747 5175 inter
1770 5101 1921 5195 Iaceret
1955 5097 2043 5175 illos

1869 5199 1993 5294 &to
2016 5189 2041 5262 „'
