4628 6148
483 411 575 525 arg
765 341 1703 526 urstrararroo'urucrm
1894 403 1984 523 arr

426 523 569 604 bulonis
593 523 820 628 imposturam
841 527 936 618 effe,
961 521 1111 599 cultello
1137 553 1189 600 ce·
1218 536 1262 626 Aj
1278 553 1418 628 perator
1453 547 1607 602 creatus.
1642 536 1690 604 Et
1715 528 1885 631 quoniam
1912 523 2044 602 rariffia'

415 625 598 704 debentur
618 655 661 705 ex
680 629 844 722 judicum
866 629 1029 720 decreto,
1047 626 1190 726 nequis
1277 653 1335 702 ma
1360 647 1552 703 occurrunt
1579 631 1653 731 ejus
1688 651 1941 722 monumenta,
1968 653 2042 730 quo

423 726 464 802 in
492 731 662 831 posterum
690 731 736 805 iis
768 747 946 820 uteretur,
973 727 1042 803 srve
1069 731 1187 804 abute·
1276 749 1435 832 tempore
1460 733 1595 806 Ducem
1621 735 1868 809 tantummodo
1891 733 2041 834 agebat,
2121 823 2126 834 ι

423 847 522 906 retur
546 833 585 906 in
621 829 784 905 veritatis
810 857 851 904 ac
878 829 1030 930 justitiae
1066 853 1186 906 contu·
1275 833 1402 908 habeat
1437 831 1516 907 heic
1552 835 1671 908 locum
1711 837 1877 934 Diploma
1913 832 2040 910 Caroli

424 933 591 1008 meliam.
623 937 677 1006 Ita
704 931 794 1031 apud
824 937 976 1006 Francos
1013 933 1185 1008 Tboderi·
1274 929 1386 1009 Craffr
1423 931 1594 1036 Augusti,
1631 963 1675 1009 ex
1712 939 1927 1038 autographo
1963 933 2041 1010 exi·

423 1031 458 1107 ci
496 1036 602 1134 Regis
637 1031 758 1108 edicto
792 1033 958 1109 statutum
995 1033 1062 1126 est,
1090 1053 1129 1108 ut
1165 1033 1188 1106 st
1273 1035 1381 1110 stante
1409 1039 1610 1109 Placentiae
1636 1035 1674 1112 iu
1704 1032 1865 1111 Archivo
1892 1035 2038 1138 insignis

423 1135 518 1234 quod
545 1135 716 1237 Diploma
740 1135 810 1210 stre
834 1135 968 1212 Charta
993 1136 1067 1211 falsi
1092 1137 1180 1214 dam·
1254 1117 1478 1212 iMonasterii
1495 1137 1806 1212 Benedidiinorum
1824 1139 1942 1213 Sancti
1959 1138 2040 1212 Six-

422 1235 1187 1340 uaretur,continubpergamenaipsatran-
1254 1227 1323 1332 lri,
1352 1241 1411 1314 ubi
1446 1241 1659 1336 Berengarirr
1685 1245 1765 1313 Dux
1790 1241 1834 1314 ab
1862 1239 1938 1332 ipso
1968 1243 2039 1312 Im·

421 1337 553 1415 sforata
589 1367 633 1416 ex
664 1339 851 1416 bominum
888 1340 1104 1416 commercio
1140 1341 1186 1415 se·
1253 1320 1430 1440 iperatorc
1453 1343 1699 1434 consanguineus
1714 1343 1794 1435 Juus
1819 1343 2036 1442 appellaturt

421 1441 580 1518 cederet.
615 1445 716 1518 Haec
748 1467 832 1542 ergo
854 1442 1185 1518 occurruntinmo·
1218 1453 1358 1543 Bquae
1394 1469 1447 1520 res
1483 1440 1670 1552 confirmat
1710 1443 1841 1516 dudum
1879 1439 2037 1542 congesta

420 1560 593 1618 numento
629 1567 740 1641 nuper
775 1547 906 1618 allato:
946 1549 1018 1642 Ipsa
1050 1547 1188 1617 Cartala
1253 1549 1314 1618 =ab
1350 1543 1534 1620 Hadriano
1572 1541 1710 1617 Valefio
1738 1545 1775 1620 in
1815 1543 2037 1618 Praefatioue

419 1646 552 1742 reproba
588 1645 633 1718 U·
662 1642 815 1736 falsidica
850 1646 985 1718 inuenta
1018 1647 1115 1738 fuir,
1143 1648 1187 1720 &
1270 1645 1311 1718 ad
1341 1645 1595 1744 Panegyricum
1628 1645 1780 1745 ejusdem
1812 1645 2035 1746 Berengarii.

419 1745 469 1820 ibi
504 1747 625 1842 inrisa.
661 1743 803 1821 Addam
830 1766 981 1838 tamen,
1014 1747 1185 1848 ejusmodi
1271 1748 1365 1824 Vide
1391 1749 1498 1822 etiarn
1528 1745 1619 1820 inira
1649 1747 1826 1820 Differtat.
1856 1751 1970 1822 xxtt.
1997 1749 2039 1818 de

419 1849 615 1944 Chartam,
643 1847 698 1924 uti
725 1873 769 1924 ex
796 1847 878 1923 aliis
905 1847 1058 1967 ejusdem
1079 1849 1185 1924 nsce-
1271 1851 1407 1946 negiu,
1424 1849 1484 1924 ubi
1504 1845 1933 1940 ostendam,Eberhardum
1948 1875 2038 1946 quo·

418 1950 504 2028 terii
540 1951 782 2028 monumentis
824 1949 958 2042 didici,
999 1977 1070 2026 non
1106 1949 1187 2026 ideo
1271 1951 1506 2048 queejusdem
1527 1951 1908 2050 BerengariiPatrem,
1928 1969 2035 2048 atque

420 2052 675 2156 proscriptam,
714 2050 810 2151 quod
847 2050 1035 2152 impostura
1071 2051 1185 2144 foret,
1272 2057 1451 2123 Hunorum
1477 2053 1551 2148 ejus
1578 2051 1722 2125 fratrem
1750 2071 1852 2126 antea
1879 2049 2037 2128 Ducatui

419 2157 476 2230 sed
504 2154 599 2252 quod
634 2152 717 2228 ruet
743 2149 908 2228 informis
941 2151 1081 2228 boecii
1118 2153 1188 2229 srne
1273 2151 1502 2250 Foroiuliensi
1525 2149 1725 2250 praefuitse.
1747 2153 1897 2227 Monere
1916 2169 2035 2228 tameo

420 2252 678 2352 subscriptione
706 2253 877 2344 Notarii,
904 2269 964 2328 aut
1000 2253 1070 2330 stne
1096 2273 1185 2330 tem·
1253 2260 1371 2329 'autea
1414 2249 1603 2331 Leb'iorem
1641 2255 1750 2340 volo,
1788 2252 1956 2354 conjungi
1997 2253 2037 2328 iu

447 2357 520 2434 oria
555 2373 661 2436 nota.
697 2353 862 2430 Fortaffis
888 2353 927 2429 in
963 2355 1098 2432 Cbarta
1124 2357 1241 2445 istac
1272 2357 1479 2452 Diplomate
1496 2353 1708 2434 itomanam
1725 2351 2038 2432 tt.car01iCraffi

420 2385 610 2562 iegendum
637 2464 716 2532 Dux
734 2457 826 2546 istius
847 2458 1035 2548 Matthiae,
1056 2459 1101 2530 Φ
1122 2465 1185 2534 Ca·
1253 2483 1351 2541 ,cum
1389 2457 1446 2531 die
1484 2461 1521 2529 V.
1547 2457 1632 2554 icat,
1656 2451 1751 2549 Mai)
1775 2457 1876 2530 Auni
1900 2461 2039 2531 DCCC·

409 2567 643 2636 rrrreaerroeum,
678 2563 785 2636 Certe
820 2559 852 2633 ic
887 2557 1067 2659 utriusque
1104 2564 1186 2636 Pro·
1253 2546 1427 2632 'natm
1456 2561 1514 2632 An
1552 2557 1605 2630 ita
1635 2556 1673 2631 in
1709 2556 1918 2632 authentico
1952 2555 2038 2634 scri.

421 2662 564 2740 vincire
590 2660 759 2763 regimini
785 2659 979 2764 praesediue
1011 2661 1185 2762 dignosci·
1253 2606 1373 2771 iprum
1407 2685 1527 2734 revera
1556 2656 1620 2750 fit,
1647 2655 1831 2734 decernere
1867 2685 1941 2736 ooo
1975 2687 2039 2738 au·

421 2783 501 2842 tur.
527 2763 636 2860 Quod
665 2761 690 2838 fi
720 2761 806 2854 ille,
833 2761 896 2862 qui
933 2763 1119 2854 Veronensi,
1146 2762 1185 2836 fi·
1253 2761 1359 2879 pfim;
1380 2785 1491 2859 neque
1514 2759 1612 2834 enim
1635 2756 1727 2834 iilud
1752 2759 1814 2836 sub
1837 2761 1953 2836 oculis
1975 2761 2039 2842 ba·

421 2893 467 2942 ve
492 2864 687 2953 Tarvistue
720 2865 877 2938 Marthae
912 2881 1094 2964 praeerat,
1122 2871 1186 2938 Cr·
1254 2861 1354 2936 'bui.
1380 2861 1488 2958 Quod
1516 2861 1594 2935 sane
1630 2863 1858 2961 pronuntiare
1888 2863 2039 2966 intrepi·

422 2969 561 3044 rirrbire
590 2993 731 3088 quotpue
766 2964 984 3065 imperabat,
1011 2963 1075 3040 vix
1112 2991 1184 3058 per·
1254 2914 1317 3076 ide
1337 2987 1393 3036 me
1418 2961 1511 3062 poffe
1534 2989 1635 3055 reor,
1653 2971 1777 3038 Annus
1797 2969 1959 3040 scandas
1983 2965 2039 3042 vi·

423 3069 564 3145 suadere
599 3067 691 3144 mila
718 3068 875 3168 pofl'um,
902 3065 990 3166 quin
1024 3069 1059 3140 dc
1091 3071 1188 3140 Foro·
1255 3061 1362 3138 'tiose
1389 3063 1468 3140 heic
1496 3063 1634 3164 positus.
1651 3062 1743 3158 suit,
1769 3063 1840 3142 fiae
1865 3094 1962 3144 error
1997 3067 2038 3144 in

417 3169 572 3268 julianae
591 3169 778 3268 prrvr'rrriaee
805 3166 1040 3242 intermediae
1073 3167 1182 3244 domi·
1254 3101 1316 3266 ipe
1360 3189 1481 3240 amena
1499 3163 1563 3256 fit,
1583 3167 1653 3242 five
1675 3167 1720 3240 ab
1738 3168 1935 3244 amanuenfi
1957 3195 2039 3270 pro·

424 3287 590 3344 necetur.
628 3273 706 3369 Ego
741 3271 840 3366 plura
877 3293 948 3340 oon
986 3265 1110 3340 addam
1147 3245 1312 3364 deD¹ce
1342 3265 1428 3339 erit.
1457 3269 1584 3339 Annus
1614 3267 1800 3340 dumtaxat
1834 3271 1964 3340 Primus
1989 3267 2040 3343 E-

423 3367 638 3466 Frrojalirnfi
671 3375 822 3460 Durata,
857 3365 920 3441 nifi
957 3367 1052 3464 quod
1087 3367 1199 3442 istum
1275 3365 1386 3468 poche
1408 3365 1605 3465 imperialis
1626 3365 1778 3464 ejusdem
1798 3369 1921 3441 Caroli
1947 3385 2034 3444 tune

423 3497 507 3575 prae
528 3469 677 3570 reliquia
703 3469 862 3544 Ducibus
887 3468 1100 3543 nobilitavit
1125 3473 1186 3544 Be·
1274 3465 1500 3558 decurrebat,
1524 3465 1578 3542 uti
1599 3465 1670 3542 alia
1692 3464 1900 3566 Diplomata
1922 3465 2035 3542 osten.

423 3572 605 3675 rengarius
642 3575 669 3644 1.
704 3598 749 3647 ex
786 3574 885 3644 Duce
923 3573 1000 3644 Rex
1036 3569 1188 3662 Italiae,
1274 3569 1385 3660 dunt,
1415 3587 1520 3668 atque
1553 3593 1620 3670 ego
1655 3563 1745 3642 infra
1781 3567 1960 3646 ostendam
1994 3567 2037 3646 iu

424 3677 536 3748 Anno
563 3673 967 3760 occhxxxV111.,
993 3695 1033 3744 ac
1063 3669 1189 3746 deiude
1275 3669 1456 3754 Dissertat.
1482 3673 1580 3748 xm.
1604 3675 1645 3744 dr
1669 3667 1833 3770 nominib,

262 3881 265 3888 Ι
423 3777 535 3850 Auno
553 3773 825 3880 uocccuvn
848 3774 1090 3852 Romanorum
1112 3775 1206 3860 loa-t
1252 3775 1261 3856 Ι
