<?xml version="1.0" encoding="UTF-8"?>
<!DOCTYPE html PUBLIC "-//W3C//DTD XHTML 1.0 Transitional//EN"
    "http://www.w3.org/TR/xhtml1/DTD/xhtml1-transitional.dtd">
<html xmlns="http://www.w3.org/1999/xhtml" xml:lang="en" lang="en">
 <head>
  <title>
</title>
<meta http-equiv="Content-Type" content="text/html;charset=utf-8" />
  <meta name='ocr-system' content='tesseract 3.04.00' />
  <meta name='ocr-capabilities' content='ocr_page ocr_carea ocr_par ocr_line ocrx_word'/>
</head>
<body>
  <div class='ocr_page' id='page_1' title='image "./antiquitatesita02muragoog/antiquitatesita02muragoog_0227.png"; bbox 0 0 4626 6152; ppageno 0'>
   <div class='ocr_carea' id='block_1_1' title="bbox 509 451 1996 578">
    <p class='ocr_par' dir='ltr' id='par_1_1' title="bbox 509 451 1996 578">
     <span class='ocr_line' id='line_1_1' title="bbox 509 451 1996 578; baseline 0.005 -30"><span class='ocrx_word' id='word_1_1' title='bbox 509 487 594 576; x_wconf 70' lang='lat'><em>&#39;4¹5</em></span> <span class='ocrx_word' id='word_1_2' title='bbox 829 451 1217 578; x_wconf 53' lang='lat' dir='ltr'><em>Antinum</em></span> <span class='ocrx_word' id='word_1_3' title='bbox 1256 451 1479 544; x_wconf 83' lang='lat' dir='ltr'><em>MEDll</em></span> <span class='ocrx_word' id='word_1_4' title='bbox 1514 457 1681 548; x_wconf 74' lang='lat' dir='ltr'><em>aar!</em></span> <span class='ocrx_word' id='word_1_5' title='bbox 1717 549 1751 572; x_wconf 43' lang='grc' dir='ltr'><em>Α</em></span> <span class='ocrx_word' id='word_1_6' title='bbox 1905 479 1996 576; x_wconf 76' lang='lat'><em>4¹6</em></span> 
     </span>
    </p>
   </div>
   <div class='ocr_carea' id='block_1_2' title="bbox 342 577 2063 4954">
    <p class='ocr_par' dir='ltr' id='par_1_2' title="bbox 342 577 2063 4954">
     <span class='ocr_line' id='line_1_2' title="bbox 451 577 2055 678; baseline 0.004 -27"><span class='ocrx_word' id='word_1_7' title='bbox 451 577 587 676; x_wconf 78' lang='lat' dir='ltr'><em>Signum</em></span> <span class='ocrx_word' id='word_1_8' title='bbox 612 603 727 653; x_wconf 79' lang='lat' dir='ltr'><em>manus</em></span> <span class='ocrx_word' id='word_1_9' title='bbox 738 579 888 672; x_wconf 74' lang='lat' dir='ltr'><em>somnis</em></span> <span class='ocrx_word' id='word_1_10' title='bbox 903 577 1061 672; x_wconf 75' lang='lat' dir='ltr'><em>Posteri,</em></span> <span class='ocrx_word' id='word_1_11' title='bbox 1087 581 1145 678; x_wconf 83' lang='lat' dir='ltr'><em>qui</em></span> <span class='ocrx_word' id='word_1_12' title='bbox 1158 581 1213 652; x_wconf 85' lang='lat' dir='ltr'><em>bor</em></span> <span class='ocrx_word' id='word_1_13' title='bbox 1241 581 1290 652; x_wconf 78' lang='lat' dir='ltr'><em>rh·</em></span> <span class='ocrx_word' id='word_1_14' title='bbox 1350 581 1423 674; x_wconf 83' lang='lat' dir='ltr'><em>Ego</em></span> <span class='ocrx_word' id='word_1_15' title='bbox 1450 583 1636 652; x_wconf 83' lang='lat' dir='ltr'><em>Dominicus</em></span> <span class='ocrx_word' id='word_1_16' title='bbox 1661 583 1799 655; x_wconf 72' lang='lat' dir='ltr'><em>Clinicus</em></span> <span class='ocrx_word' id='word_1_17' title='bbox 1823 581 1871 654; x_wconf 67' lang='lat' dir='ltr'><em>U·</em></span> <span class='ocrx_word' id='word_1_18' title='bbox 1897 584 2055 658; x_wconf 77' lang='lat' dir='ltr'><em>Notarius</em></span> 
     </span>
     <span class='ocr_line' id='line_1_3' title="bbox 503 683 1814 780; baseline 0.008 -30"><span class='ocrx_word' id='word_1_19' title='bbox 503 684 652 780; x_wconf 81' lang='lat' dir='ltr'><em>rogauit.</em></span> <span class='ocrx_word' id='word_1_20' title='bbox 905 705 909 715; x_wconf 87' lang='lat'><em>·</em></span> <span class='ocrx_word' id='word_1_21' title='bbox 1399 683 1554 778; x_wconf 72' lang='lat' dir='ltr'><em>complevi</em></span> <span class='ocrx_word' id='word_1_22' title='bbox 1577 687 1624 753; x_wconf 64' lang='lat' dir='ltr'><em>&lt;y</em></span> <span class='ocrx_word' id='word_1_23' title='bbox 1648 687 1814 760; x_wconf 76' lang='lat' dir='ltr'><em>roboravi.</em></span> 
     </span>
     <span class='ocr_line' id='line_1_4' title="bbox 450 783 2060 882; baseline 0.003 -26"><span class='ocrx_word' id='word_1_24' title='bbox 450 788 524 881; x_wconf 81' lang='lat' dir='ltr'><em>Ego</em></span> <span class='ocrx_word' id='word_1_25' title='bbox 561 783 745 856; x_wconf 83' lang='lat' dir='ltr'><em>Dominiccrs</em></span> <span class='ocrx_word' id='word_1_26' title='bbox 779 786 970 856; x_wconf 65' lang='lat' dir='ltr'><em>Muraena·</em></span> <span class='ocrx_word' id='word_1_27' title='bbox 1006 809 1107 858; x_wconf 78' lang='lat' dir='ltr'><em>manu</em></span> <span class='ocrx_word' id='word_1_28' title='bbox 1142 813 1212 861; x_wconf 82' lang='lat' dir='ltr'><em>neca</em></span> <span class='ocrx_word' id='word_1_29' title='bbox 1347 783 1488 872; x_wconf 83' lang='lat' dir='ltr'>Viden,</span> <span class='ocrx_word' id='word_1_30' title='bbox 1515 804 1555 858; x_wconf 94' lang='lat' dir='ltr'><em>ut</em></span> <span class='ocrx_word' id='word_1_31' title='bbox 1577 783 1641 858; x_wconf 89' lang='lat' dir='ltr'><em>ille</em></span> <span class='ocrx_word' id='word_1_32' title='bbox 1657 809 1713 882; x_wconf 87' lang='lat' dir='ltr'><em>per</em></span> <span class='ocrx_word' id='word_1_33' title='bbox 1732 787 1973 878; x_wconf 81' lang='lat' dir='ltr'><em>misericordiam</em></span> <span class='ocrx_word' id='word_1_34' title='bbox 1995 790 2060 862; x_wconf 87' lang='lat' dir='ltr'><em>Dei</em></span> 
     </span>
     <span class='ocr_line' id='line_1_5' title="bbox 497 879 2060 982; baseline 0.004 -26"><span class='ocrx_word' id='word_1_35' title='bbox 497 885 683 982; x_wconf 67' lang='lat' dir='ltr'><em>subscripsi.</em></span> <span class='ocrx_word' id='word_1_36' title='bbox 1300 879 1332 956; x_wconf 87' lang='lat' dir='ltr'><em>se</em></span> <span class='ocrx_word' id='word_1_37' title='bbox 1358 881 1522 960; x_wconf 71' lang='lat' dir='ltr'><em>inscribit</em></span> <span class='ocrx_word' id='word_1_38' title='bbox 1558 887 1758 959; x_wconf 74' lang='lat' dir='ltr'><em>renniarnn</em></span> <span class='ocrx_word' id='word_1_39' title='bbox 1791 890 1836 958; x_wconf 71' lang='lat'><em>(9&#39;</em></span> <span class='ocrx_word' id='word_1_40' title='bbox 1871 891 2060 967; x_wconf 72' lang='lat' dir='ltr'><em>Dalmatiae</em></span> 
     </span>
     <span class='ocr_line' id='line_1_6' title="bbox 452 987 2061 1090; baseline 0.004 -30"><span class='ocrx_word' id='word_1_41' title='bbox 452 994 524 1083; x_wconf 84' lang='lat' dir='ltr'><em>Ego</em></span> <span class='ocrx_word' id='word_1_42' title='bbox 548 987 732 1061; x_wconf 81' lang='lat' dir='ltr'><em>Mauricius</em></span> <span class='ocrx_word' id='word_1_43' title='bbox 753 991 920 1061; x_wconf 79' lang='lat' dir='ltr'><em>Florentio</em></span> <span class='ocrx_word' id='word_1_44' title='bbox 936 991 1126 1063; x_wconf 63' lang='lat' dir='ltr'><em>Murrani</em></span> <span class='ocrx_word' id='word_1_45' title='bbox 1147 1019 1210 1064; x_wconf 89' lang='lat' dir='ltr'><em>nna-</em></span> <span class='ocrx_word' id='word_1_46' title='bbox 1300 991 1446 1060; x_wconf 83' lang='lat' dir='ltr'><em>Ducem?</em></span> <span class='ocrx_word' id='word_1_47' title='bbox 1471 990 1566 1086; x_wconf 77' lang='lat' dir='ltr'><em>Ergo</em></span> <span class='ocrx_word' id='word_1_48' title='bbox 1593 1009 1678 1064; x_wconf 89' lang='lat' dir='ltr'><em>tunc</em></span> <span class='ocrx_word' id='word_1_49' title='bbox 1714 988 1808 1064; x_wconf 86' lang='lat' dir='ltr'><em>idem</em></span> <span class='ocrx_word' id='word_1_50' title='bbox 1836 991 2061 1090; x_wconf 82' lang='lat' dir='ltr'><em>Principatus</em></span> 
     </span>
     <span class='ocr_line' id='line_1_7' title="bbox 501 1087 2060 1190; baseline 0.004 -30"><span class='ocrx_word' id='word_1_51' title='bbox 501 1115 546 1160; x_wconf 86' lang='lat' dir='ltr'><em>na</em></span> <span class='ocrx_word' id='word_1_52' title='bbox 572 1117 641 1160; x_wconf 87' lang='lat' dir='ltr'><em>mea</em></span> <span class='ocrx_word' id='word_1_53' title='bbox 661 1089 848 1186; x_wconf 73' lang='lat' dir='ltr'><em>subscrips.</em></span> <span class='ocrx_word' id='word_1_54' title='bbox 1301 1091 1448 1163; x_wconf 72' lang='lat' dir='ltr'><em>inullo</em></span> <span class='ocrx_word' id='word_1_55' title='bbox 1474 1087 1636 1189; x_wconf 88' lang='lat' dir='ltr'><em>supremo</em></span> <span class='ocrx_word' id='word_1_56' title='bbox 1664 1089 1830 1190; x_wconf 84' lang='lat' dir='ltr'><em>Principe</em></span> <span class='ocrx_word' id='word_1_57' title='bbox 1865 1093 2060 1189; x_wconf 80' lang='lat' dir='ltr'>pendebat.</span> 
     </span>
     <span class='ocr_line' id='line_1_8' title="bbox 452 1191 2060 1290; baseline 0.003 -26"><span class='ocrx_word' id='word_1_58' title='bbox 452 1196 525 1287; x_wconf 85' lang='lat' dir='ltr'><em>Ego</em></span> <span class='ocrx_word' id='word_1_59' title='bbox 540 1191 710 1283; x_wconf 84' lang='lat' dir='ltr'><em>anannes</em></span> <span class='ocrx_word' id='word_1_60' title='bbox 733 1193 924 1266; x_wconf 87' lang='lat' dir='ltr'><em>Mauroeeni</em></span> <span class='ocrx_word' id='word_1_61' title='bbox 939 1221 1037 1268; x_wconf 83' lang='lat' dir='ltr'><em>manu</em></span> <span class='ocrx_word' id='word_1_62' title='bbox 1054 1221 1126 1268; x_wconf 79' lang='lat' dir='ltr'><em>ntea</em></span> <span class='ocrx_word' id='word_1_63' title='bbox 1136 1194 1211 1290; x_wconf 85' lang='lat' dir='ltr'><em>snb·</em></span> <span class='ocrx_word' id='word_1_64' title='bbox 1302 1193 1356 1262; x_wconf 82' lang='lat' dir='ltr'><em>Ac</em></span> <span class='ocrx_word' id='word_1_65' title='bbox 1388 1211 1571 1290; x_wconf 84' lang='lat' dir='ltr'><em>propterea</em></span> <span class='ocrx_word' id='word_1_66' title='bbox 1605 1217 1717 1290; x_wconf 87' lang='lat' dir='ltr'><em>quum</em></span> <span class='ocrx_word' id='word_1_67' title='bbox 1744 1195 1855 1266; x_wconf 82' lang='lat' dir='ltr'><em>Anno</em></span> <span class='ocrx_word' id='word_1_68' title='bbox 1879 1195 2060 1270; x_wconf 82' lang='lat' dir='ltr'><em>Mcxvt.</em></span> 
     </span>
     <span class='ocr_line' id='line_1_9' title="bbox 496 1286 2063 1396; baseline 0.004 -32"><span class='ocrx_word' id='word_1_69' title='bbox 496 1286 629 1390; x_wconf 85' lang='lat' dir='ltr'><em>scripsi.</em></span> <span class='ocrx_word' id='word_1_70' title='bbox 1301 1291 1464 1366; x_wconf 86' lang='lat' dir='ltr'><em>Veneriis</em></span> <span class='ocrx_word' id='word_1_71' title='bbox 1490 1293 1573 1367; x_wconf 84' lang='lat' dir='ltr'><em>eliet</em></span> <span class='ocrx_word' id='word_1_72' title='bbox 1597 1293 1776 1368; x_wconf 85' lang='lat' dir='ltr'><em>Hentieus</em></span> <span class='ocrx_word' id='word_1_73' title='bbox 1796 1293 1891 1368; x_wconf 85' lang='lat' dir='ltr'><em>inter</em></span> <span class='ocrx_word' id='word_1_74' title='bbox 1910 1297 2063 1396; x_wconf 84' lang='lat' dir='ltr'><em>Impera·</em></span> 
     </span>
     <span class='ocr_line' id='line_1_10' title="bbox 452 1394 2062 1498; baseline 0.001 -28"><span class='ocrx_word' id='word_1_75' title='bbox 452 1401 526 1498; x_wconf 87' lang='lat' dir='ltr'><em>Ego</em></span> <span class='ocrx_word' id='word_1_76' title='bbox 549 1395 739 1470; x_wconf 84' lang='lat' dir='ltr'><em>Dominicns</em></span> <span class='ocrx_word' id='word_1_77' title='bbox 759 1399 919 1470; x_wconf 81' lang='lat' dir='ltr'><em>Sbarnarr</em></span> <span class='ocrx_word' id='word_1_78' title='bbox 936 1423 1034 1471; x_wconf 77' lang='lat' dir='ltr'><em>nnana</em></span> <span class='ocrx_word' id='word_1_79' title='bbox 1050 1419 1121 1472; x_wconf 79' lang='lat' dir='ltr'><em>nrea</em></span> <span class='ocrx_word' id='word_1_80' title='bbox 1134 1399 1211 1493; x_wconf 86' lang='lat' dir='ltr'><em>sub·</em></span> <span class='ocrx_word' id='word_1_81' title='bbox 1300 1411 1393 1470; x_wconf 87' lang='lat' dir='ltr'><em>tores</em></span> <span class='ocrx_word' id='word_1_82' title='bbox 1418 1397 1599 1490; x_wconf 87' lang='lat' dir='ltr'><em>Quartus,</em></span> <span class='ocrx_word' id='word_1_83' title='bbox 1635 1394 1759 1496; x_wconf 84' lang='lat' dir='ltr'><em>ibique</em></span> <span class='ocrx_word' id='word_1_84' title='bbox 1795 1397 1963 1470; x_wconf 87' lang='lat' dir='ltr'><em>Poelama</em></span> <span class='ocrx_word' id='word_1_85' title='bbox 1999 1415 2062 1498; x_wconf 86' lang='lat' dir='ltr'><em>pra</em></span> 
     </span>
     <span class='ocr_line' id='line_1_11' title="bbox 498 1491 2063 1603; baseline 0.003 -35"><span class='ocrx_word' id='word_1_86' title='bbox 498 1497 629 1595; x_wconf 80' lang='lat' dir='ltr'><em>scripsi..</em></span> <span class='ocrx_word' id='word_1_87' title='bbox 1244 1531 1273 1603; x_wconf 70' lang='grc' dir='ltr'><strong>Β</strong></span> <span class='ocrx_word' id='word_1_88' title='bbox 1299 1491 1636 1572; x_wconf 74' lang='lat' dir='ltr'><em>Sanbiimonialibus</em></span> <span class='ocrx_word' id='word_1_89' title='bbox 1654 1495 1775 1572; x_wconf 70' lang='lat' dir='ltr'><em>snnfiti</em></span> <span class='ocrx_word' id='word_1_90' title='bbox 1794 1494 1986 1572; x_wconf 78' lang='lat' dir='ltr'><em>Zachariae</em></span> <span class='ocrx_word' id='word_1_91' title='bbox 2004 1497 2063 1572; x_wconf 90' lang='lat' dir='ltr'><em>da·</em></span> 
     </span>
     <span class='ocr_line' id='line_1_12' title="bbox 454 1595 2061 1700; baseline 0.001 -26"><span class='ocrx_word' id='word_1_92' title='bbox 454 1605 528 1698; x_wconf 79' lang='lat' dir='ltr'><em>Ego</em></span> <span class='ocrx_word' id='word_1_93' title='bbox 546 1599 717 1691; x_wconf 85' lang='lat' dir='ltr'><em>Jobannes</em></span> <span class='ocrx_word' id='word_1_94' title='bbox 738 1607 889 1700; x_wconf 86' lang='lat' dir='ltr'><em>Magnus</em></span> <span class='ocrx_word' id='word_1_95' title='bbox 911 1629 1010 1675; x_wconf 86' lang='lat' dir='ltr'><em>manu</em></span> <span class='ocrx_word' id='word_1_96' title='bbox 1041 1629 1112 1675; x_wconf 87' lang='lat' dir='ltr'><em>mea</em></span> <span class='ocrx_word' id='word_1_97' title='bbox 1139 1603 1215 1697; x_wconf 80' lang='lat' dir='ltr'><em>sub·</em></span> <span class='ocrx_word' id='word_1_98' title='bbox 1298 1617 1379 1689; x_wconf 87' lang='lat' dir='ltr'><em>tet,</em></span> <span class='ocrx_word' id='word_1_99' title='bbox 1413 1599 1510 1700; x_wconf 83' lang='lat' dir='ltr'><em>quod</em></span> <span class='ocrx_word' id='word_1_100' title='bbox 1544 1601 1565 1672; x_wconf 81' lang='lat' dir='ltr'><em>h</em></span> <span class='ocrx_word' id='word_1_101' title='bbox 1601 1623 1658 1673; x_wconf 90' lang='lat' dir='ltr'><em>me</em></span> <span class='ocrx_word' id='word_1_102' title='bbox 1691 1597 1830 1674; x_wconf 85' lang='lat' dir='ltr'><em>editum</em></span> <span class='ocrx_word' id='word_1_103' title='bbox 1866 1595 1936 1674; x_wconf 82' lang='lat' dir='ltr'><em>luit</em></span> <span class='ocrx_word' id='word_1_104' title='bbox 1972 1601 2061 1700; x_wconf 87' lang='lat' dir='ltr'><em>Cap.</em></span> 
     </span>
     <span class='ocr_line' id='line_1_13' title="bbox 498 1699 2060 1876; baseline 0.005 -104"><span class='ocrx_word' id='word_1_105' title='bbox 498 1701 630 1800; x_wconf 88' lang='lat' dir='ltr'><em>scripsi.</em></span> <span class='ocrx_word' id='word_1_106' title='bbox 1227 1759 1228 1762; x_wconf 63' lang='lat'><em>,</em></span> <span class='ocrx_word' id='word_1_107' title='bbox 1300 1705 1431 1776; x_wconf 75' lang='lat' dir='ltr'><em>xxix.</em></span> <span class='ocrx_word' id='word_1_108' title='bbox 1460 1725 1537 1876; x_wconf 73' lang='lat' dir='ltr'><em>pap.</em></span> <span class='ocrx_word' id='word_1_109' title='bbox 1564 1707 1649 1800; x_wconf 80' lang='lat'><em>283.</em></span> <span class='ocrx_word' id='word_1_110' title='bbox 1676 1702 1770 1776; x_wconf 81' lang='lat' dir='ltr'><em>Anti</em></span> <span class='ocrx_word' id='word_1_111' title='bbox 1798 1699 1904 1776; x_wconf 89' lang='lat' dir='ltr'><em>uitat.</em></span> <span class='ocrx_word' id='word_1_112' title='bbox 1929 1699 2060 1780; x_wconf 82' lang='lat' dir='ltr'><em>Elisus.</em></span> 
     </span>
     <span class='ocr_line' id='line_1_14' title="bbox 452 1727 2061 1906; baseline -0.002 -28"><span class='ocrx_word' id='word_1_113' title='bbox 452 1811 527 1906; x_wconf 81' lang='lat' dir='ltr'><em>Ege</em></span> <span class='ocrx_word' id='word_1_114' title='bbox 552 1803 740 1880; x_wconf 83' lang='lat' dir='ltr'><em>Dominicus</em></span> <span class='ocrx_word' id='word_1_115' title='bbox 763 1805 985 1906; x_wconf 83' lang='lat' dir='ltr'><em>Capnrincallo</em></span> <span class='ocrx_word' id='word_1_116' title='bbox 1016 1833 1116 1881; x_wconf 82' lang='lat' dir='ltr'><em>manu</em></span> <span class='ocrx_word' id='word_1_117' title='bbox 1149 1835 1221 1881; x_wconf 89' lang='lat' dir='ltr'><em>mea</em></span> <span class='ocrx_word' id='word_1_118' title='bbox 1302 1801 1473 1878; x_wconf 83' lang='lat' dir='ltr'><em>Notarius</em></span> <span class='ocrx_word' id='word_1_119' title='bbox 1515 1801 1655 1904; x_wconf 85' lang='lat' dir='ltr'><em>ctipfit,</em></span> <span class='ocrx_word' id='word_1_120' title='bbox 1680 1801 1720 1877; x_wconf 91' lang='lat' dir='ltr'><em>id</em></span> <span class='ocrx_word' id='word_1_121' title='bbox 1738 1727 1871 1878; x_wconf 70' lang='lat' dir='ltr'><em>iaitutn</em></span> <span class='ocrx_word' id='word_1_122' title='bbox 1891 1804 1926 1875; x_wconf 87' lang='lat' dir='ltr'><em>in</em></span> <span class='ocrx_word' id='word_1_123' title='bbox 1945 1811 2061 1904; x_wconf 81' lang='lat' dir='ltr'><em>Regna</em></span> 
     </span>
     <span class='ocr_line' id='line_1_15' title="bbox 499 1905 2061 2004; baseline 0.001 -26"><span class='ocrx_word' id='word_1_124' title='bbox 499 1905 687 2004; x_wconf 64' lang='lat' dir='ltr'><em>subscrips.</em></span> <span class='ocrx_word' id='word_1_125' title='bbox 1301 1906 1503 1978; x_wconf 75' lang='lat' dir='ltr'><em>Veneriorum</em></span> <span class='ocrx_word' id='word_1_126' title='bbox 1527 1905 1563 1976; x_wconf 92' lang='lat' dir='ltr'><em>in</em></span> <span class='ocrx_word' id='word_1_127' title='bbox 1582 1906 1713 1980; x_wconf 81' lang='lat' dir='ltr'><em>Palatio</em></span> <span class='ocrx_word' id='word_1_128' title='bbox 1739 1905 1858 1979; x_wconf 82' lang='lat' dir='ltr'><em>Ducis.</em></span> <span class='ocrx_word' id='word_1_129' title='bbox 1885 1906 2061 2004; x_wconf 84' lang='lat' dir='ltr'><em>Antiquis</em></span> 
     </span>
     <span class='ocr_line' id='line_1_16' title="bbox 454 2006 2060 2107; baseline 0 -25"><span class='ocrx_word' id='word_1_130' title='bbox 454 2013 527 2106; x_wconf 84' lang='lat' dir='ltr'><em>Ego</em></span> <span class='ocrx_word' id='word_1_131' title='bbox 550 2015 667 2082; x_wconf 81' lang='lat' dir='ltr'><em>Petrus</em></span> <span class='ocrx_word' id='word_1_132' title='bbox 692 2009 838 2080; x_wconf 74' lang='lat' dir='ltr'><em>Micbacl</em></span> <span class='ocrx_word' id='word_1_133' title='bbox 862 2035 961 2082; x_wconf 86' lang='lat' dir='ltr'><em>manu</em></span> <span class='ocrx_word' id='word_1_134' title='bbox 983 2035 1054 2083; x_wconf 87' lang='lat' dir='ltr'><em>nnea</em></span> <span class='ocrx_word' id='word_1_135' title='bbox 1080 2011 1216 2106; x_wconf 87' lang='lat' dir='ltr'><em>subseri·</em></span> <span class='ocrx_word' id='word_1_136' title='bbox 1301 2013 1386 2082; x_wconf 82' lang='lat' dir='ltr'><em>verb</em></span> <span class='ocrx_word' id='word_1_137' title='bbox 1408 2006 1815 2107; x_wconf 77' lang='lat' dir='ltr'><em>Saeculis,quamquam</em></span> <span class='ocrx_word' id='word_1_138' title='bbox 1831 2009 1972 2082; x_wconf 86' lang='lat' dir='ltr'><em>Veneto</em></span> <span class='ocrx_word' id='word_1_139' title='bbox 1994 2011 2060 2082; x_wconf 83' lang='lat' dir='ltr'><em>ro·</em></span> 
     </span>
     <span class='ocr_line' id='line_1_17' title="bbox 501 2105 2060 2210; baseline 0.003 -30"><span class='ocrx_word' id='word_1_140' title='bbox 501 2108 580 2206; x_wconf 79' lang='lat' dir='ltr'><em>pfi.</em></span> <span class='ocrx_word' id='word_1_141' title='bbox 1226 2149 1227 2152; x_wconf 35' lang='lat'>¹</span> <span class='ocrx_word' id='word_1_142' title='bbox 1299 2109 1384 2208; x_wconf 89' lang='lat' dir='ltr'><em>pulo</em></span> <span class='ocrx_word' id='word_1_143' title='bbox 1408 2105 1550 2183; x_wconf 85' lang='lat' dir='ltr'><em>fortalle</em></span> <span class='ocrx_word' id='word_1_144' title='bbox 1592 2135 1630 2182; x_wconf 88' lang='lat' dir='ltr'><em>us</em></span> <span class='ocrx_word' id='word_1_145' title='bbox 1654 2105 1804 2207; x_wconf 78' lang='lat' dir='ltr'><em>aliquod</em></span> <span class='ocrx_word' id='word_1_146' title='bbox 1837 2107 1877 2183; x_wconf 90' lang='lat' dir='ltr'><em>in</em></span> <span class='ocrx_word' id='word_1_147' title='bbox 1910 2107 2060 2210; x_wconf 82' lang='lat' dir='ltr'><em>regimi-</em></span> 
     </span>
     <span class='ocr_line' id='line_1_18' title="bbox 454 2136 2059 2312; baseline -0.001 -28"><span class='ocrx_word' id='word_1_148' title='bbox 454 2217 527 2310; x_wconf 81' lang='lat' dir='ltr'><em>Ego</em></span> <span class='ocrx_word' id='word_1_149' title='bbox 551 2210 707 2284; x_wconf 75' lang='lat' dir='ltr'><em>Andreas</em></span> <span class='ocrx_word' id='word_1_150' title='bbox 732 2209 880 2282; x_wconf 71' lang='lat' dir='ltr'><em>Miebatl</em></span> <span class='ocrx_word' id='word_1_151' title='bbox 911 2237 1011 2283; x_wconf 87' lang='lat' dir='ltr'><em>manu</em></span> <span class='ocrx_word' id='word_1_152' title='bbox 1042 2235 1114 2283; x_wconf 81' lang='lat' dir='ltr'><em>enea</em></span> <span class='ocrx_word' id='word_1_153' title='bbox 1139 2214 1218 2307; x_wconf 86' lang='lat' dir='ltr'><em>sab·</em></span> <span class='ocrx_word' id='word_1_154' title='bbox 1298 2235 1344 2284; x_wconf 89' lang='lat' dir='ltr'><em>ne</em></span> <span class='ocrx_word' id='word_1_155' title='bbox 1379 2207 1531 2310; x_wconf 88' lang='lat' dir='ltr'><em>politico</em></span> <span class='ocrx_word' id='word_1_156' title='bbox 1566 2136 1787 2312; x_wconf 75' lang='lat' dir='ltr'><em>iervaretur,</em></span> <span class='ocrx_word' id='word_1_157' title='bbox 1821 2209 2059 2286; x_wconf 76' lang='lat' dir='ltr'><em>nihilominus</em></span> 
     </span>
     <span class='ocr_line' id='line_1_19' title="bbox 498 2307 2056 2410; baseline 0.001 -26"><span class='ocrx_word' id='word_1_158' title='bbox 498 2307 636 2410; x_wconf 86' lang='lat' dir='ltr'><em>scripsi.</em></span> <span class='ocrx_word' id='word_1_159' title='bbox 1298 2311 1337 2386; x_wconf 89' lang='lat' dir='ltr'><em>in</em></span> <span class='ocrx_word' id='word_1_160' title='bbox 1364 2335 1436 2385; x_wconf 88' lang='lat' dir='ltr'><em>uno</em></span> <span class='ocrx_word' id='word_1_161' title='bbox 1460 2335 1583 2386; x_wconf 83' lang='lat' dir='ltr'><em>eorum</em></span> <span class='ocrx_word' id='word_1_162' title='bbox 1612 2315 1711 2386; x_wconf 85' lang='lat' dir='ltr'><em>Duce</em></span> <span class='ocrx_word' id='word_1_163' title='bbox 1744 2309 1947 2387; x_wconf 86' lang='lat' dir='ltr'><em>conlistebat</em></span> <span class='ocrx_word' id='word_1_164' title='bbox 1982 2335 2056 2386; x_wconf 90' lang='lat' dir='ltr'><em>non</em></span> 
     </span>
     <span class='ocr_line' id='line_1_20' title="bbox 454 2410 2058 2518; baseline 0 -30"><span class='ocrx_word' id='word_1_165' title='bbox 454 2421 526 2514; x_wconf 84' lang='lat' dir='ltr'><em>Ego</em></span> <span class='ocrx_word' id='word_1_166' title='bbox 542 2413 711 2505; x_wconf 78' lang='lat' dir='ltr'><em>sobannes</em></span> <span class='ocrx_word' id='word_1_167' title='bbox 733 2410 897 2486; x_wconf 87' lang='lat' dir='ltr'><em>Badoario</em></span> <span class='ocrx_word' id='word_1_168' title='bbox 919 2439 1019 2486; x_wconf 84' lang='lat' dir='ltr'><em>marr</em></span> <span class='ocrx_word' id='word_1_169' title='bbox 1049 2441 1121 2487; x_wconf 89' lang='lat' dir='ltr'><em>mea</em></span> <span class='ocrx_word' id='word_1_170' title='bbox 1138 2417 1216 2510; x_wconf 88' lang='lat' dir='ltr'><em>sub·</em></span> <span class='ocrx_word' id='word_1_171' title='bbox 1237 2445 1274 2518; x_wconf 75' lang='lat' dir='ltr'><strong>c</strong></span> <span class='ocrx_word' id='word_1_172' title='bbox 1295 2414 1445 2488; x_wconf 86' lang='lat' dir='ltr'><em>Titulus</em></span> <span class='ocrx_word' id='word_1_173' title='bbox 1471 2412 1608 2505; x_wconf 79' lang='lat' dir='ltr'><em>selitnn,</em></span> <span class='ocrx_word' id='word_1_174' title='bbox 1634 2413 1692 2489; x_wconf 89' lang='lat' dir='ltr'><em>sed</em></span> <span class='ocrx_word' id='word_1_175' title='bbox 1716 2413 1826 2490; x_wconf 88' lang='lat' dir='ltr'><em>etiam</em></span> <span class='ocrx_word' id='word_1_176' title='bbox 1862 2415 1916 2514; x_wconf 84' lang='lat' dir='ltr'><em>jus</em></span> <span class='ocrx_word' id='word_1_177' title='bbox 1950 2439 2058 2489; x_wconf 89' lang='lat' dir='ltr'><em>omne</em></span> 
     </span>
     <span class='ocr_line' id='line_1_21' title="bbox 498 2513 2058 2618; baseline 0 -30"><span class='ocrx_word' id='word_1_178' title='bbox 498 2513 636 2614; x_wconf 77' lang='lat' dir='ltr'><em>seripfi.</em></span> <span class='ocrx_word' id='word_1_179' title='bbox 1295 2513 1540 2616; x_wconf 79' lang='lat' dir='ltr'><em>Principstus.</em></span> <span class='ocrx_word' id='word_1_180' title='bbox 1568 2519 1622 2590; x_wconf 80' lang='lat' dir='ltr'><em>At</em></span> <span class='ocrx_word' id='word_1_181' title='bbox 1648 2515 1891 2618; x_wconf 81' lang='lat' dir='ltr'><em>progrediente</em></span> <span class='ocrx_word' id='word_1_182' title='bbox 1917 2533 2058 2614; x_wconf 85' lang='lat' dir='ltr'><em>tempo·</em></span> 
     </span>
     <span class='ocr_line' id='line_1_22' title="bbox 453 2615 2058 2718; baseline 0 -26"><span class='ocrx_word' id='word_1_183' title='bbox 453 2625 526 2718; x_wconf 81' lang='lat' dir='ltr'><em>Ego</em></span> <span class='ocrx_word' id='word_1_184' title='bbox 552 2615 738 2690; x_wconf 83' lang='lat' dir='ltr'><em>Dominiers</em></span> <span class='ocrx_word' id='word_1_185' title='bbox 760 2617 920 2690; x_wconf 83' lang='lat' dir='ltr'><em>Pantalro</em></span> <span class='ocrx_word' id='word_1_186' title='bbox 943 2643 1041 2690; x_wconf 84' lang='lat' dir='ltr'><em>manu</em></span> <span class='ocrx_word' id='word_1_187' title='bbox 1057 2643 1126 2691; x_wconf 84' lang='lat' dir='ltr'><em>mea</em></span> <span class='ocrx_word' id='word_1_188' title='bbox 1136 2619 1214 2713; x_wconf 87' lang='lat' dir='ltr'><em>sab·</em></span> <span class='ocrx_word' id='word_1_189' title='bbox 1294 2643 1331 2690; x_wconf 90' lang='lat' dir='ltr'><em>re</em></span> <span class='ocrx_word' id='word_1_190' title='bbox 1357 2617 1395 2692; x_wconf 92' lang='lat' dir='ltr'><em>in</em></span> <span class='ocrx_word' id='word_1_191' title='bbox 1421 2617 1692 2692; x_wconf 85' lang='lat' dir='ltr'><em>Aristocratiam</em></span> <span class='ocrx_word' id='word_1_192' title='bbox 1717 2645 1760 2692; x_wconf 89' lang='lat' dir='ltr'><em>ac</em></span> <span class='ocrx_word' id='word_1_193' title='bbox 1786 2616 2058 2716; x_wconf 85' lang='lat' dir='ltr'><em>Rempublieant</em></span> 
     </span>
     <span class='ocr_line' id='line_1_23' title="bbox 498 2717 2058 2820; baseline 0.004 -32"><span class='ocrx_word' id='word_1_194' title='bbox 498 2717 611 2814; x_wconf 82' lang='lat' dir='ltr'><em>scripfi</em></span> <span class='ocrx_word' id='word_1_195' title='bbox 623 2772 634 2793; x_wconf 89' lang='lat'><em>.</em></span> <span class='ocrx_word' id='word_1_196' title='bbox 1291 2717 1372 2793; x_wconf 90' lang='lat' dir='ltr'><em>illic</em></span> <span class='ocrx_word' id='word_1_197' title='bbox 1397 2717 1590 2796; x_wconf 80' lang='lat' dir='ltr'><em>deventum</em></span> <span class='ocrx_word' id='word_1_198' title='bbox 1617 2719 1684 2812; x_wconf 87' lang='lat' dir='ltr'><em>est,</em></span> <span class='ocrx_word' id='word_1_199' title='bbox 1703 2739 1811 2820; x_wconf 89' lang='lat' dir='ltr'><em>atque</em></span> <span class='ocrx_word' id='word_1_200' title='bbox 1829 2737 1903 2793; x_wconf 86' lang='lat' dir='ltr'><em>tam</em></span> <span class='ocrx_word' id='word_1_201' title='bbox 1923 2717 2058 2820; x_wconf 86' lang='lat' dir='ltr'><em>sapien·</em></span> 
     </span>
     <span class='ocr_line' id='line_1_24' title="bbox 441 2817 2056 2924; baseline 0.001 -30"><span class='ocrx_word' id='word_1_202' title='bbox 441 2828 524 2920; x_wconf 77' lang='lat' dir='ltr'><em>¹Ego</em></span> <span class='ocrx_word' id='word_1_203' title='bbox 551 2817 648 2914; x_wconf 87' lang='lat' dir='ltr'><em>Ursus</em></span> <span class='ocrx_word' id='word_1_204' title='bbox 671 2819 835 2893; x_wconf 86' lang='lat' dir='ltr'><em>Badoario</em></span> <span class='ocrx_word' id='word_1_205' title='bbox 858 2845 958 2893; x_wconf 86' lang='lat' dir='ltr'><em>mana</em></span> <span class='ocrx_word' id='word_1_206' title='bbox 980 2847 1051 2894; x_wconf 87' lang='lat' dir='ltr'><em>mea</em></span> <span class='ocrx_word' id='word_1_207' title='bbox 1076 2821 1211 2916; x_wconf 86' lang='lat' dir='ltr'><em>subscri·</em></span> <span class='ocrx_word' id='word_1_208' title='bbox 1293 2833 1348 2894; x_wconf 87' lang='lat' dir='ltr'><em>ter</em></span> <span class='ocrx_word' id='word_1_209' title='bbox 1372 2839 1568 2902; x_wconf 81' lang='lat' dir='ltr'><em>temperata</em></span> <span class='ocrx_word' id='word_1_210' title='bbox 1593 2817 1664 2896; x_wconf 78' lang='lat' dir='ltr'><em>luit</em></span> <span class='ocrx_word' id='word_1_211' title='bbox 1699 2820 1885 2924; x_wconf 75' lang='lat' dir='ltr'><em>regiminis</em></span> <span class='ocrx_word' id='word_1_212' title='bbox 1919 2819 2056 2914; x_wconf 88' lang='lat' dir='ltr'><em>forma,</em></span> 
     </span>
     <span class='ocr_line' id='line_1_25' title="bbox 461 2921 2059 3034; baseline 0.001 -38"><span class='ocrx_word' id='word_1_213' title='bbox 461 2955 466 2966; x_wconf 94' lang='lat'>·</span> <span class='ocrx_word' id='word_1_214' title='bbox 498 2921 574 3020; x_wconf 87' lang='lat' dir='ltr'><em>psi.</em></span> <span class='ocrx_word' id='word_1_215' title='bbox 731 2987 735 2994; x_wconf 95' lang='lat'><em>.</em></span> <span class='ocrx_word' id='word_1_216' title='bbox 1293 2939 1333 2998; x_wconf 88' lang='lat' dir='ltr'><em>nt</em></span> <span class='ocrx_word' id='word_1_217' title='bbox 1363 2921 1472 2998; x_wconf 87' lang='lat' dir='ltr'><em>Ducis</em></span> <span class='ocrx_word' id='word_1_218' title='bbox 1498 2923 1642 3024; x_wconf 84' lang='lat' dir='ltr'><em>quidem</em></span> <span class='ocrx_word' id='word_1_219' title='bbox 1664 2923 1853 3034; x_wconf 81' lang='lat' dir='ltr'><em>Dignitas,</em></span> <span class='ocrx_word' id='word_1_220' title='bbox 1873 2949 2059 3028; x_wconf 78' lang='lat' dir='ltr'><em>praegran-</em></span> 
     </span>
     <span class='ocr_line' id='line_1_26' title="bbox 451 3022 2059 3126; baseline 0 -26"><span class='ocrx_word' id='word_1_221' title='bbox 451 3031 523 3124; x_wconf 84' lang='lat' dir='ltr'><em>Ego</em></span> <span class='ocrx_word' id='word_1_222' title='bbox 557 3030 673 3096; x_wconf 80' lang='lat' dir='ltr'><em>Petrus</em></span> <span class='ocrx_word' id='word_1_223' title='bbox 711 3025 857 3098; x_wconf 84' lang='lat' dir='ltr'><em>Viuardo</em></span> <span class='ocrx_word' id='word_1_224' title='bbox 895 3049 994 3097; x_wconf 84' lang='lat' dir='ltr'><em>manu</em></span> <span class='ocrx_word' id='word_1_225' title='bbox 1031 3049 1103 3097; x_wconf 82' lang='lat' dir='ltr'><em>mea</em></span> <span class='ocrx_word' id='word_1_226' title='bbox 1133 3025 1208 3120; x_wconf 88' lang='lat' dir='ltr'><em>sub·</em></span> <span class='ocrx_word' id='word_1_227' title='bbox 1291 3023 1372 3098; x_wconf 88' lang='lat' dir='ltr'><em>dem</em></span> <span class='ocrx_word' id='word_1_228' title='bbox 1400 3024 1712 3104; x_wconf 87' lang='lat' dir='ltr'><em>honorificentiam</em></span> <span class='ocrx_word' id='word_1_229' title='bbox 1739 3025 1961 3126; x_wconf 81' lang='lat' dir='ltr'><em>praeferens,</em></span> <span class='ocrx_word' id='word_1_230' title='bbox 1999 3022 2059 3100; x_wconf 89' lang='lat' dir='ltr'><em>ad·</em></span> 
     </span>
     <span class='ocr_line' id='line_1_27' title="bbox 495 3123 2057 3230; baseline 0.003 -30"><span class='ocrx_word' id='word_1_231' title='bbox 495 3123 628 3224; x_wconf 77' lang='lat' dir='ltr'><em>scripsi.</em></span> <span class='ocrx_word' id='word_1_232' title='bbox 750 3159 755 3168; x_wconf 65' lang='grc'><em>’</em></span> <span class='ocrx_word' id='word_1_233' title='bbox 1294 3124 1362 3202; x_wconf 90' lang='lat' dir='ltr'><em>huc</em></span> <span class='ocrx_word' id='word_1_234' title='bbox 1397 3129 1595 3230; x_wconf 81' lang='lat' dir='ltr'><em>perduret3</em></span> <span class='ocrx_word' id='word_1_235' title='bbox 1638 3127 1692 3202; x_wconf 90' lang='lat' dir='ltr'><em>sed</em></span> <span class='ocrx_word' id='word_1_236' title='bbox 1729 3128 1874 3229; x_wconf 91' lang='lat' dir='ltr'><em>imperii</em></span> <span class='ocrx_word' id='word_1_237' title='bbox 1910 3126 2057 3230; x_wconf 76' lang='lat' dir='ltr'><em>potelius</em></span> 
     </span>
     <span class='ocr_line' id='line_1_28' title="bbox 449 3225 1722 3328; baseline 0 -24"><span class='ocrx_word' id='word_1_238' title='bbox 449 3235 522 3328; x_wconf 84' lang='lat' dir='ltr'><em>Ego</em></span> <span class='ocrx_word' id='word_1_239' title='bbox 549 3225 667 3302; x_wconf 81' lang='lat' dir='ltr'><em>Viralis</em></span> <span class='ocrx_word' id='word_1_240' title='bbox 692 3228 813 3300; x_wconf 84' lang='lat' dir='ltr'><em>Palani·</em></span> <span class='ocrx_word' id='word_1_241' title='bbox 835 3227 882 3298; x_wconf 68' lang='lat' dir='ltr'><em>O·</em></span> <span class='ocrx_word' id='word_1_242' title='bbox 903 3228 1022 3318; x_wconf 85' lang='lat' dir='ltr'><em>landa,</em></span> <span class='ocrx_word' id='word_1_243' title='bbox 1048 3227 1094 3298; x_wconf 62' lang='grc' dir='ltr'>Φ</span> <span class='ocrx_word' id='word_1_244' title='bbox 1116 3254 1213 3302; x_wconf 89' lang='lat' dir='ltr'><em>manu</em></span> <span class='ocrx_word' id='word_1_245' title='bbox 1295 3225 1337 3302; x_wconf 83' lang='lat' dir='ltr'><em>stt</em></span> <span class='ocrx_word' id='word_1_246' title='bbox 1362 3255 1468 3328; x_wconf 86' lang='lat' dir='ltr'><em>penes</em></span> <span class='ocrx_word' id='word_1_247' title='bbox 1492 3231 1722 3326; x_wconf 79' lang='lat' dir='ltr'><em>optimates.</em></span> 
     </span>
     <span class='ocr_line' id='line_1_29' title="bbox 500 3327 2057 3431; baseline 0.004 -31"><span class='ocrx_word' id='word_1_248' title='bbox 500 3359 570 3402; x_wconf 89' lang='lat' dir='ltr'><em>mea</em></span> <span class='ocrx_word' id='word_1_249' title='bbox 589 3327 778 3423; x_wconf 70' lang='lat' dir='ltr'><em>subscripsi.</em></span> <span class='ocrx_word' id='word_1_250' title='bbox 1234 3357 1279 3431; x_wconf 62' lang='grc' dir='ltr'><em>ι)Ι</em></span> <span class='ocrx_word' id='word_1_251' title='bbox 1343 3331 1562 3404; x_wconf 88' lang='lat' dir='ltr'><em>Coronidem</em></span> <span class='ocrx_word' id='word_1_252' title='bbox 1590 3331 1673 3402; x_wconf 89' lang='lat' dir='ltr'><em>huic</em></span> <span class='ocrx_word' id='word_1_253' title='bbox 1699 3345 1909 3427; x_wconf 82' lang='lat' dir='ltr'><em>argumento</em></span> <span class='ocrx_word' id='word_1_254' title='bbox 1931 3329 2057 3406; x_wconf 84' lang='lat' dir='ltr'><em>addere</em></span> 
     </span>
     <span class='ocr_line' id='line_1_30' title="bbox 449 3427 2054 3530; baseline -0.002 -26"><span class='ocrx_word' id='word_1_255' title='bbox 449 3437 522 3530; x_wconf 84' lang='lat' dir='ltr'><em>Ego</em></span> <span class='ocrx_word' id='word_1_256' title='bbox 547 3438 662 3504; x_wconf 82' lang='lat' dir='ltr'><em>Penus</em></span> <span class='ocrx_word' id='word_1_257' title='bbox 685 3429 877 3503; x_wconf 76' lang='lat' dir='ltr'><em>Andreardi</em></span> <span class='ocrx_word' id='word_1_258' title='bbox 908 3457 1008 3506; x_wconf 85' lang='lat' dir='ltr'><em>manu</em></span> <span class='ocrx_word' id='word_1_259' title='bbox 1026 3455 1116 3503; x_wconf 87' lang='lat' dir='ltr'><em>·rnea</em></span> <span class='ocrx_word' id='word_1_260' title='bbox 1133 3431 1209 3526; x_wconf 85' lang='lat' dir='ltr'><em>sub·</em></span> <span class='ocrx_word' id='word_1_261' title='bbox 1294 3431 1436 3530; x_wconf 86' lang='lat' dir='ltr'><em>placet,</em></span> <span class='ocrx_word' id='word_1_262' title='bbox 1463 3431 1583 3528; x_wconf 86' lang='lat' dir='ltr'><em>aliqua</em></span> <span class='ocrx_word' id='word_1_263' title='bbox 1616 3427 1801 3504; x_wconf 84' lang='lat' dir='ltr'><em>inserendo</em></span> <span class='ocrx_word' id='word_1_264' title='bbox 1825 3430 1869 3501; x_wconf 90' lang='lat' dir='ltr'><em>de</em></span> <span class='ocrx_word' id='word_1_265' title='bbox 1894 3429 2054 3525; x_wconf 84' lang='lat' dir='ltr'><em>antiquis</em></span> 
     </span>
     <span class='ocr_line' id='line_1_31' title="bbox 342 3529 2054 3632; baseline -0.001 -27"><span class='ocrx_word' id='word_1_266' title='bbox 342 3601 346 3606; x_wconf 84' lang='lat'><em>.</em></span> <span class='ocrx_word' id='word_1_267' title='bbox 492 3533 627 3632; x_wconf 84' lang='lat' dir='ltr'><em>seripfi.</em></span> <span class='ocrx_word' id='word_1_268' title='bbox 790 3576 794 3584; x_wconf 92' lang='lat'>·</span> <span class='ocrx_word' id='word_1_269' title='bbox 1289 3531 1464 3604; x_wconf 79' lang='lat' dir='ltr'><em>Sardiniae</em></span> <span class='ocrx_word' id='word_1_270' title='bbox 1502 3529 1756 3624; x_wconf 84' lang='lat' dir='ltr'><em>Principibus,</em></span> <span class='ocrx_word' id='word_1_271' title='bbox 1795 3555 1886 3628; x_wconf 86' lang='lat' dir='ltr'><em>quos</em></span> <span class='ocrx_word' id='word_1_272' title='bbox 1926 3553 2054 3628; x_wconf 87' lang='lat' dir='ltr'><em>nempe</em></span> 
     </span>
     <span class='ocr_line' id='line_1_32' title="bbox 448 3629 2056 3734; baseline -0.004 -25"><span class='ocrx_word' id='word_1_273' title='bbox 448 3641 519 3734; x_wconf 85' lang='lat' dir='ltr'><em>Ego</em></span> <span class='ocrx_word' id='word_1_274' title='bbox 535 3636 704 3728; x_wconf 78' lang='lat' dir='ltr'><em>sabannes</em></span> <span class='ocrx_word' id='word_1_275' title='bbox 725 3633 886 3709; x_wconf 79' lang='lat' dir='ltr'><em>Pantaber</em></span> <span class='ocrx_word' id='word_1_276' title='bbox 917 3660 1016 3706; x_wconf 84' lang='lat' dir='ltr'><em>manu</em></span> <span class='ocrx_word' id='word_1_277' title='bbox 1047 3659 1118 3706; x_wconf 86' lang='lat' dir='ltr'><em>rnre</em></span> <span class='ocrx_word' id='word_1_278' title='bbox 1135 3633 1207 3727; x_wconf 86' lang='lat' dir='ltr'><em>sub·</em></span> <span class='ocrx_word' id='word_1_279' title='bbox 1293 3631 1451 3708; x_wconf 84' lang='lat' dir='ltr'><em>Ducibus</em></span> <span class='ocrx_word' id='word_1_280' title='bbox 1476 3630 1628 3723; x_wconf 80' lang='lat' dir='ltr'><em>ssmiles,</em></span> <span class='ocrx_word' id='word_1_281' title='bbox 1654 3651 1716 3704; x_wconf 86' lang='lat' dir='ltr'><em>aut</em></span> <span class='ocrx_word' id='word_1_282' title='bbox 1736 3637 1855 3730; x_wconf 85' lang='lat' dir='ltr'><em>potius</em></span> <span class='ocrx_word' id='word_1_283' title='bbox 1877 3629 2056 3732; x_wconf 82' lang='lat' dir='ltr'><em>Regibus,</em></span> 
     </span>
     <span class='ocr_line' id='line_1_33' title="bbox 492 3730 2057 3835; baseline -0.001 -27"><span class='ocrx_word' id='word_1_284' title='bbox 492 3736 629 3832; x_wconf 76' lang='lat' dir='ltr'><em>scripsi.</em></span> <span class='ocrx_word' id='word_1_285' title='bbox 844 3773 848 3784; x_wconf 89' lang='lat'>·</span> <span class='ocrx_word' id='word_1_286' title='bbox 1290 3735 1469 3835; x_wconf 85' lang='lat' dir='ltr'><em>appellare</em></span> <span class='ocrx_word' id='word_1_287' title='bbox 1493 3733 1691 3835; x_wconf 78' lang='lat' dir='ltr'><em>possumus.</em></span> <span class='ocrx_word' id='word_1_288' title='bbox 1717 3735 1795 3823; x_wconf 72' lang='lat' dir='ltr'><em>sam</em></span> <span class='ocrx_word' id='word_1_289' title='bbox 1816 3730 1970 3824; x_wconf 82' lang='lat' dir='ltr'><em>constat,</em></span> <span class='ocrx_word' id='word_1_290' title='bbox 1997 3735 2057 3806; x_wconf 88' lang='lat' dir='ltr'><em>ln·</em></span> 
     </span>
     <span class='ocr_line' id='line_1_34' title="bbox 449 3831 2055 3960; baseline -0.001 -52"><span class='ocrx_word' id='word_1_291' title='bbox 449 3839 586 3934; x_wconf 77' lang='lat' dir='ltr'><em>Signum</em></span> <span class='ocrx_word' id='word_1_292' title='bbox 612 3850 725 3905; x_wconf 84' lang='lat' dir='ltr'><em>manns</em></span> <span class='ocrx_word' id='word_1_293' title='bbox 748 3831 838 3908; x_wconf 70' lang='lat' dir='ltr'><em>nanu·</em></span> <span class='ocrx_word' id='word_1_294' title='bbox 861 3833 1059 3930; x_wconf 72' lang='lat' dir='ltr'><em>Michaelis,</em></span> <span class='ocrx_word' id='word_1_295' title='bbox 1083 3837 1142 3936; x_wconf 77' lang='lat' dir='ltr'><em>qu·</em></span> <span class='ocrx_word' id='word_1_296' title='bbox 1159 3839 1213 3912; x_wconf 82' lang='lat' dir='ltr'><em>b&#39;ac</em></span> <span class='ocrx_word' id='word_1_297' title='bbox 1274 3831 1403 3960; x_wconf 78' lang='lat' dir='ltr'><em>slulam</em></span> <span class='ocrx_word' id='word_1_298' title='bbox 1427 3853 1506 3910; x_wconf 84' lang='lat' dir='ltr'><em>eam</em></span> <span class='ocrx_word' id='word_1_299' title='bbox 1538 3835 1650 3910; x_wconf 89' lang='lat' dir='ltr'><em>titulo</em></span> <span class='ocrx_word' id='word_1_300' title='bbox 1687 3835 1802 3935; x_wconf 82' lang='lat' dir='ltr'><em>Regio</em></span> <span class='ocrx_word' id='word_1_301' title='bbox 1839 3835 2055 3908; x_wconf 80' lang='lat' dir='ltr'><em>collatamh</em></span> 
     </span>
     <span class='ocr_line' id='line_1_35' title="bbox 502 3936 2055 4037; baseline -0.001 -28"><span class='ocrx_word' id='word_1_302' title='bbox 502 3939 651 4037; x_wconf 80' lang='lat' dir='ltr'><em>rogauit.</em></span> <span class='ocrx_word' id='word_1_303' title='bbox 1273 3937 1474 4013; x_wconf 66' lang='lat' dir='ltr'><em>‘Friderico</em></span> <span class='ocrx_word' id='word_1_304' title='bbox 1500 3942 1547 4011; x_wconf 88' lang='lat' dir='ltr'><em>ll.</em></span> <span class='ocrx_word' id='word_1_305' title='bbox 1576 3942 1792 4037; x_wconf 80' lang='lat' dir='ltr'><em>Imperatore</em></span> <span class='ocrx_word' id='word_1_306' title='bbox 1813 3936 1885 4036; x_wconf 83' lang='lat' dir='ltr'><em>poll</em></span> <span class='ocrx_word' id='word_1_307' title='bbox 1908 3941 2055 4009; x_wconf 82' lang='lat' dir='ltr'><em>Annuus</em></span> 
     </span>
     <span class='ocr_line' id='line_1_36' title="bbox 449 4037 2056 4140; baseline -0.002 -26"><span class='ocrx_word' id='word_1_308' title='bbox 449 4047 522 4140; x_wconf 83' lang='lat' dir='ltr'><em>Ego</em></span> <span class='ocrx_word' id='word_1_309' title='bbox 551 4041 720 4134; x_wconf 87' lang='lat' dir='ltr'><em>Jobannes</em></span> <span class='ocrx_word' id='word_1_310' title='bbox 756 4037 970 4138; x_wconf 81' lang='lat' dir='ltr'><em>Superenrias</em></span> <span class='ocrx_word' id='word_1_311' title='bbox 1003 4067 1104 4114; x_wconf 82' lang='lat' dir='ltr'><em>mena</em></span> <span class='ocrx_word' id='word_1_312' title='bbox 1142 4069 1212 4116; x_wconf 89' lang='lat' dir='ltr'><em>nrea</em></span> <span class='ocrx_word' id='word_1_313' title='bbox 1291 4043 1484 4117; x_wconf 79' lang='lat' dir='ltr'><em>Mccxt..</em></span> <span class='ocrx_word' id='word_1_314' title='bbox 1513 4040 1669 4130; x_wconf 86' lang='lat' dir='ltr'><em>Henricr,</em></span> <span class='ocrx_word' id='word_1_315' title='bbox 1695 4039 1757 4140; x_wconf 80' lang='lat' dir='ltr'><em>qui</em></span> <span class='ocrx_word' id='word_1_316' title='bbox 1784 4041 1819 4112; x_wconf 80' lang='lat' dir='ltr'><em>dt</em></span> <span class='ocrx_word' id='word_1_317' title='bbox 1848 4038 1971 4111; x_wconf 79' lang='lat' dir='ltr'><em>Eunias</em></span> <span class='ocrx_word' id='word_1_318' title='bbox 1995 4063 2056 4136; x_wconf 84' lang='lat' dir='ltr'><em>ap-</em></span> 
     </span>
     <span class='ocr_line' id='line_1_37' title="bbox 493 4137 2053 4243; baseline -0.003 -25"><span class='ocrx_word' id='word_1_319' title='bbox 493 4143 678 4238; x_wconf 80' lang='lat' dir='ltr'><em>subscripfi.</em></span> <span class='ocrx_word' id='word_1_320' title='bbox 1293 4141 1534 4243; x_wconf 72' lang='lat' dir='ltr'><em>pellatus&#39;est,</em></span> <span class='ocrx_word' id='word_1_321' title='bbox 1550 4139 1632 4216; x_wconf 90' lang='lat' dir='ltr'><em>filio</em></span> <span class='ocrx_word' id='word_1_322' title='bbox 1650 4140 1731 4234; x_wconf 90' lang='lat' dir='ltr'><em>suo,</em></span> <span class='ocrx_word' id='word_1_323' title='bbox 1749 4139 1812 4240; x_wconf 86' lang='lat' dir='ltr'><em>qui</em></span> <span class='ocrx_word' id='word_1_324' title='bbox 1834 4139 1959 4212; x_wconf 90' lang='lat' dir='ltr'><em>deinde</em></span> <span class='ocrx_word' id='word_1_325' title='bbox 1978 4137 2053 4214; x_wconf 79' lang='lat' dir='ltr'><em>diet</em></span> 
     </span>
     <span class='ocr_line' id='line_1_38' title="bbox 449 4237 2054 4358; baseline -0.002 -40"><span class='ocrx_word' id='word_1_326' title='bbox 449 4250 521 4344; x_wconf 85' lang='lat' dir='ltr'><em>Ego</em></span> <span class='ocrx_word' id='word_1_327' title='bbox 554 4245 760 4333; x_wconf 86' lang='lat' dir='ltr'><em>Conslanrinn</em></span> <span class='ocrx_word' id='word_1_328' title='bbox 784 4243 898 4317; x_wconf 74' lang='lat' dir='ltr'><em>Faberi</em></span> <span class='ocrx_word' id='word_1_329' title='bbox 921 4271 1019 4317; x_wconf 85' lang='lat' dir='ltr'><em>mana</em></span> <span class='ocrx_word' id='word_1_330' title='bbox 1043 4271 1115 4319; x_wconf 86' lang='lat' dir='ltr'><em>nrea</em></span> <span class='ocrx_word' id='word_1_331' title='bbox 1129 4245 1260 4358; x_wconf 68' lang='lat' dir='ltr'><em>sub-E</em></span> <span class='ocrx_word' id='word_1_332' title='bbox 1294 4245 1371 4320; x_wconf 85' lang='lat' dir='ltr'><em>suos</em></span> <span class='ocrx_word' id='word_1_333' title='bbox 1405 4242 1530 4318; x_wconf 82' lang='lat' dir='ltr'><em>elnuht</em></span> <span class='ocrx_word' id='word_1_334' title='bbox 1564 4243 1603 4318; x_wconf 89' lang='lat' dir='ltr'><em>in</em></span> <span class='ocrx_word' id='word_1_335' title='bbox 1638 4269 1774 4318; x_wconf 84' lang='lat' dir='ltr'><em>earcere</em></span> <span class='ocrx_word' id='word_1_336' title='bbox 1809 4237 2054 4314; x_wconf 84' lang='lat' dir='ltr'><em>Bononienfi.</em></span> 
     </span>
     <span class='ocr_line' id='line_1_39' title="bbox 492 4341 2054 4442; baseline -0.001 -24"><span class='ocrx_word' id='word_1_337' title='bbox 492 4345 615 4442; x_wconf 85' lang='lat' dir='ltr'><em>scripsi.</em></span> <span class='ocrx_word' id='word_1_338' title='bbox 645 4381 647 4388; x_wconf 56' lang='lat'>&gt;</span> <span class='ocrx_word' id='word_1_339' title='bbox 918 4367 920 4372; x_wconf 86' lang='grc'><strong><em>·</em></strong></span> <span class='ocrx_word' id='word_1_340' title='bbox 1129 4366 1132 4377; x_wconf 85' lang='grc'><em>’</em></span> <span class='ocrx_word' id='word_1_341' title='bbox 1294 4345 1359 4422; x_wconf 85' lang='lat' dir='ltr'><em>Sed</em></span> <span class='ocrx_word' id='word_1_342' title='bbox 1394 4345 1565 4420; x_wconf 83' lang='lat' dir='ltr'><em>monendi</em></span> <span class='ocrx_word' id='word_1_343' title='bbox 1601 4345 1681 4418; x_wconf 87' lang='lat' dir='ltr'><em>sunt</em></span> <span class='ocrx_word' id='word_1_344' title='bbox 1716 4341 1911 4433; x_wconf 70' lang='lat' dir='ltr'><em>testones,</em></span> <span class='ocrx_word' id='word_1_345' title='bbox 1945 4343 2054 4442; x_wconf 82' lang='lat' dir='ltr'><em>lunge</em></span> 
     </span>
     <span class='ocr_line' id='line_1_40' title="bbox 446 4442 2055 4544; baseline -0.004 -19"><span class='ocrx_word' id='word_1_346' title='bbox 446 4457 560 4525; x_wconf 80' lang='lat' dir='ltr'><em>Petras</em></span> <span class='ocrx_word' id='word_1_347' title='bbox 585 4445 751 4540; x_wconf 75' lang='lat' dir='ltr'><em>Ursttrolrs</em></span> <span class='ocrx_word' id='word_1_348' title='bbox 766 4447 899 4539; x_wconf 76' lang='lat' dir='ltr'><em>Iudex.</em></span> <span class='ocrx_word' id='word_1_349' title='bbox 1023 4487 1029 4498; x_wconf 94' lang='lat'><strong>·</strong></span> <span class='ocrx_word' id='word_1_350' title='bbox 1293 4465 1395 4523; x_wconf 66' lang='lat' dir='ltr'><em>anna</em></span> <span class='ocrx_word' id='word_1_351' title='bbox 1419 4449 1511 4522; x_wconf 86' lang='lat' dir='ltr'><em>illuc</em></span> <span class='ocrx_word' id='word_1_352' title='bbox 1537 4445 1718 4522; x_wconf 71' lang='lat' dir='ltr'><em>invediant</em></span> <span class='ocrx_word' id='word_1_353' title='bbox 1754 4443 1854 4518; x_wconf 83' lang='lat' dir='ltr'><em>luid&#39;e</em></span> <span class='ocrx_word' id='word_1_354' title='bbox 1887 4442 2055 4544; x_wconf 63' lang='lat' dir='ltr'><em>Dignitar</em></span> 
     </span>
     <span class='ocr_line' id='line_1_41' title="bbox 439 4545 2055 4652; baseline -0.002 -29"><span class='ocrx_word' id='word_1_355' title='bbox 439 4549 798 4625; x_wconf 70' lang='lat' dir='ltr'><em>voninnasnrnnrns</em></span> <span class='ocrx_word' id='word_1_356' title='bbox 814 4555 948 4638; x_wconf 77' lang='lat' dir='ltr'><em>Jndea.</em></span> <span class='ocrx_word' id='word_1_357' title='bbox 1293 4570 1363 4624; x_wconf 86' lang='lat' dir='ltr'><em>tem</em></span> <span class='ocrx_word' id='word_1_358' title='bbox 1392 4553 1585 4652; x_wconf 72' lang='lat' dir='ltr'><em>Regulam.</em></span> <span class='ocrx_word' id='word_1_359' title='bbox 1622 4548 1734 4646; x_wconf 82' lang='lat' dir='ltr'><em>Cujus</em></span> <span class='ocrx_word' id='word_1_360' title='bbox 1769 4545 1820 4622; x_wconf 88' lang='lat' dir='ltr'><em>rei</em></span> <span class='ocrx_word' id='word_1_361' title='bbox 1846 4545 1968 4622; x_wconf 86' lang='lat' dir='ltr'><em>testem</em></span> <span class='ocrx_word' id='word_1_362' title='bbox 1995 4545 2055 4620; x_wconf 89' lang='lat' dir='ltr'><em>da·</em></span> 
     </span>
     <span class='ocr_line' id='line_1_42' title="bbox 438 4643 2053 4746; baseline 0 -26"><span class='ocrx_word' id='word_1_363' title='bbox 438 4653 607 4746; x_wconf 85' lang='lat' dir='ltr'><em>anannes</em></span> <span class='ocrx_word' id='word_1_364' title='bbox 630 4651 828 4723; x_wconf 76' lang='lat' dir='ltr'><em>Gredonicnr</em></span> <span class='ocrx_word' id='word_1_365' title='bbox 844 4653 977 4738; x_wconf 76' lang='lat' dir='ltr'><em>sabra.</em></span> <span class='ocrx_word' id='word_1_366' title='bbox 1292 4655 1337 4726; x_wconf 91' lang='lat' dir='ltr'><em>bo</em></span> <span class='ocrx_word' id='word_1_367' title='bbox 1363 4652 1534 4726; x_wconf 80' lang='lat' dir='ltr'><em>Chartam</em></span> <span class='ocrx_word' id='word_1_368' title='bbox 1561 4675 1633 4726; x_wconf 90' lang='lat' dir='ltr'><em>non</em></span> <span class='ocrx_word' id='word_1_369' title='bbox 1660 4675 1732 4724; x_wconf 91' lang='lat' dir='ltr'><em>uno</em></span> <span class='ocrx_word' id='word_1_370' title='bbox 1758 4649 1905 4724; x_wconf 86' lang='lat' dir='ltr'><em>nornine</em></span> <span class='ocrx_word' id='word_1_371' title='bbox 1932 4643 2053 4746; x_wconf 84' lang='lat' dir='ltr'><em>magni</em></span> 
     </span>
     <span class='ocr_line' id='line_1_43' title="bbox 441 4745 2054 4852; baseline -0.001 -28"><span class='ocrx_word' id='word_1_372' title='bbox 441 4752 640 4846; x_wconf 84' lang='lat' dir='ltr'><em>·Bonfiliolas</em></span> <span class='ocrx_word' id='word_1_373' title='bbox 654 4752 773 4846; x_wconf 79' lang='lat' dir='ltr'><em>sosius</em></span> <span class='ocrx_word' id='word_1_374' title='bbox 787 4753 925 4844; x_wconf 76' lang='lat' dir='ltr'><em>sudes.</em></span> <span class='ocrx_word' id='word_1_375' title='bbox 1294 4753 1682 4852; x_wconf 85' lang='lat' dir='ltr'><em>aestimandam,quam</em></span> <span class='ocrx_word' id='word_1_376' title='bbox 1702 4749 1795 4826; x_wconf 89' lang='lat' dir='ltr'><em>mihi</em></span> <span class='ocrx_word' id='word_1_377' title='bbox 1813 4745 2054 4848; x_wconf 85' lang='lat' dir='ltr'><em>suppeditavit</em></span> 
     </span>
     <span class='ocr_line' id='line_1_44' title="bbox 445 4808 2053 4954; baseline -0.003 -26"><span class='ocrx_word' id='word_1_378' title='bbox 445 4857 625 4952; x_wconf 79' lang='lat' dir='ltr'><em>Stephanus</em></span> <span class='ocrx_word' id='word_1_379' title='bbox 646 4855 803 4954; x_wconf 80' lang='lat' dir='ltr'><em>Sylvius.</em></span> <span class='ocrx_word' id='word_1_380' title='bbox 1274 4808 1560 4942; x_wconf 82' lang='lat' dir='ltr'><em>icelebertitnunt</em></span> <span class='ocrx_word' id='word_1_381' title='bbox 1589 4851 1774 4932; x_wconf 84' lang='lat' dir='ltr'><em>Cafinenie</em></span> <span class='ocrx_word' id='word_1_382' title='bbox 1805 4847 2053 4928; x_wconf 86' lang='lat' dir='ltr'><em>Coenobiunt.</em></span> 
     </span>
    </p>
   </div>
   <div class='ocr_carea' id='block_1_3' title="bbox 1875 5205 2003 5359">
    <p class='ocr_par' dir='ltr' id='par_1_3' title="bbox 1875 5205 2003 5359">
     <span class='ocr_line' id='line_1_45' title="bbox 1875 5205 2003 5359; baseline 0.031 -27"><span class='ocrx_word' id='word_1_383' title='bbox 1875 5205 2003 5359; x_wconf 61' lang='lat' dir='ltr'><em>nino.</em></span> 
     </span>
    </p>
   </div>
   <div class='ocr_carea' id='block_1_4' title="bbox 0 0 2318 6150">
    <p class='ocr_par' dir='ltr' id='par_1_4' title="bbox 0 0 2318 6150">
     <span class='ocr_line' id='line_1_46' title="bbox 0 0 2318 6150; baseline 0 0"><span class='ocrx_word' id='word_1_384' title='bbox 0 0 2318 6150; x_wconf 95' lang='lat' dir='ltr'><em> </em></span> 
     </span>
    </p>
   </div>
  </div>
 </body>
</html>
