4532 6154
16 2 29 493 l
512 391 601 528 ’ω
780 390 987 530 ANP!
1070 385 1754 530 UIY.MEDHolEVI
1919 404 2007 508 ⁶76

456 507 806 608 flovnsaossu,
1123 513 1222 612 saa·
1302 589 1311 603 .

456 614 503 684 ad
524 615 753 710 deprecandam
767 623 798 708 J
799 615 941 709 edicens,
963 640 1001 690 nt
1015 617 1140 712 scilicet
1157 619 1215 690 cul·

453 716 578 812 pabilr's
604 717 660 789 ille
684 718 775 792 vitae
796 726 1027 796 concederetur.
1052 721 1117 795 Sed
1146 723 1222 796 Ple·

460 815 503 889 be
530 835 652 894 contra
676 821 853 898 clamante
878 849 949 896 non
975 823 1083 900 licuit
1104 823 1221 916 Judici

457 913 669 994 sententiam
701 941 858 1015 mutare,
887 949 1086 1026 quanquam
1110 923 1222 1025 polica

457 1009 602 1094 furcifer
637 1023 701 1096 ille
737 1024 909 1123 poliremo
945 1026 1119 1126 supplicio
1155 1027 1219 1102 mi·

457 1145 537 1195 rum
574 1123 612 1196 in
641 1124 784 1198 modum
812 1148 950 1228 ereptus
986 1126 1078 1203 fuit.
1114 1133 1218 1205 Tunc

456 1225 711 1342 crgossanblus
735 1227 929 1326 Eparcbins
947 1231 1102 1304 Comitem
1122 1225 1219 1326 arces·

450 1319 512 1409 fin
535 1327 627 1418 pubet
660 1329 791 1402 dicem
815 1386 842 1423 „
866 1333 942 1406 Cur
975 1329 1081 1408 hodie
1116 1331 1217 1412 indu.

1310 611 1527 716 poriffimum
1543 612 1640 688 cordi
1657 613 1809 688 habeant
1818 609 1965 710 negotia
1983 615 2090 686 Para·

1310 741 1451 818 perum:
1479 717 1515 791 be
1543 742 1624 816 prae
1649 714 1775 790 ceteris
1810 713 1939 788 caullas
1965 739 2087 812 expe·

1306 817 1407 894 diant
1437 817 1684 918 Pupillorum,
1712 815 1989 918 orphanorum,
2018 833 2082 890 at·

1306 946 1375 1018 que
1411 921 1632 999 viduarum.
1669 923 1710 994 lo
1745 915 1916 996 habendis
1951 936 2079 992 autem

1307 1021 1454 1099 Placitis
1490 1019 1681 1119 unicuique
1715 1015 1904 1094 Comitum
1942 1015 2077 1092 adstare
2152 1087 2157 1096 .

1306 1123 1428 1199 debuit
1465 1121 1597 1224 semper
1623 1122 1698 1224 ejus
1729 1121 1923 1214 Notarius,
1953 1117 2075 1194 fimul·

1305 1251 1375 1326 que
1400 1223 1543 1301 alfidete
1567 1223 1723 1302 minores
1749 1221 1913 1316 Iu'dicer,
1941 1241 1981 1298 ut
2010 1249 2077 1296 eo-

1305 1353 1384 1402 rum
1402 1325 1549 1402 consalin
1567 1326 1680 1404 tutius
1700 1325 1968 1400 decernerentur
1986 1351 2074 1398 con·

456 1477 483 1517 „
507 1447 605 1502 ratam
631 1427 836 1525 bominem,
856 1459 920 1532 pro
946 1433 1044 1534 cujac
1070 1435 1146 1510 vita
1164 1463 1218 1512 ro·
1244 1439 1272 1510 B
1306 1427 1512 1505 trnrmliae.
1539 1427 1746 1513 Addebatur
1782 1427 1893 1502 etiam
1919 1423 2070 1528 singula·

456 1577 483 1620 „
509 1553 701 1627 paveram,
735 1559 808 1609 non
843 1533 992 1610 laxasti?
1029 1592 1055 1628 „
1090 1543 1144 1612 Ar
1180 1540 1217 1610 r'l·

454 1633 510 1699 le:
536 1685 562 1722 „
592 1631 796 1734 insurgente
831 1638 941 1740 vulgo
976 1637 1073 1712 aliud
1109 1637 1220 1716 facere

457 1783 483 1825 „
509 1757 582 1808 noo
612 1735 735 1836 potui,
762 1737 893 1814 timens
922 1735 1022 1840 super
1049 1765 1105 1816 me
1131 1741 1215 1817 sedi·

456 1885 482 1926 „
511 1833 647 1914 tionem
671 1839 831 1916 moveri.
858 1897 882 1932 „
909 1841 1051 1937 Quibus
1074 1869 1117 1920 est
1142 1869 1211 1918 rer·

453 1931 510 2008 bie
545 1955 663 2030 aperte
698 1939 960 2042 intelligimus,
995 1968 1067 2016 non
1104 1947 1215 2018 totum

453 2057 543 2130 quae
570 2033 686 2112 forent
711 2039 855 2130 munia,
883 2041 940 2118 led
969 2041 1078 2118 etiarn
1105 2071 1212 2143 quan-

452 2149 492 2206 ta
517 2133 709 2216 audioritas
732 2141 910 2232 Camisare,
936 2141 1077 2244 quando
1098 2149 1212 2220 eitam

452 2230 524 2322 reis
559 2235 686 2318 mortis
720 2237 860 2316 donare¹
886 2261 1069 2345 poterant,
1098 2245 1215 2323 stmul-

1305 1533 1375 1620 ris,
1409 1556 1520 1631 eaque
1551 1529 1677 1630 'teptda
1719 1528 1882 1604 conditio
1921 1525 2068 1602 illorum

1305 1631 1474 1732 judiciis,
1500 1655 1626 1732 nempe
1653 1649 1693 1706 ut
1727 1627 1864 1706 nonnist
1893 1629 1912 1701 l
1944 1628 2068 1728 jejunit

1306 1735 1473 1810 celebrari
1501 1735 1657 1834 pollent,
1680 1757 1752 1832 quo
1778 1751 2065 1834 praecaverentur

1305 1835 1441 1910 ventris
1476 1837 1600 1938 pleni,
1626 1833 1719 1923 live,
1754 1849 1794 1908 ut
1828 1831 1978 1907 rotunde
2007 1835 2062 1904 lo·

1303 1962 1411 2036 quar,
1438 1937 1622 2012 ebrietatis
1648 1933 1820 2010 malesana
1856 1933 1998 2006 confilia
2022 1933 2061 2008 in

1302 2037 1495 2114 tractandis
1514 2037 1666 2138 justitiae
1684 2037 1864 2110 lancibua.
1880 2033 2059 2110 Nimirum

1304 2143 1362 2214 vel
1388 2157 1473 2214 tunc
1505 2139 1673 2238 Populir,
1701 2143 1720 2210 e
1746 2136 1935 2212 (immania
1964 2161 2060 2236 prae·

1304 2240 1407 2340 cipue
1431 2239 1592 2342 egrefl'rs,
1618 2237 1764 2338 grandes
1792 2238 1915 2334 cyathi
1939 2237 1975 2312 in
1999 2237 2056 2310 dc·

452 2359 523 2434 que
547 2336 737 2434 discimus,
754 2345 888 2434 Jadr'cr'a
917 2369 1058 2446 quoque
1085 2373 1213 2424 nomen
1243 2357 1275 2428 C
1303 2343 1400 2416 liciis
1439 2339 1623 2434 erant,&
1661 2367 1740 2416 rara
1778 2341 1817 2416 in
1859 2339 2059 2438 potantibus

451 2439 629 2514 catrico
650 2441 850 2520 adhaefille.
879 2449 1065 2550 Propterea
1089 2449 1128 2526 in
1154 2453 1212 2526 lli·

452 2539 587 2654 ptaariia
623 2543 779 2642 Legibus
814 2547 834 2618 l
876 2551 1079 2648 Dagoberto
1121 2557 1214 2654 Rege

453 2638 597 2716 circiter
623 2645 768 2720 Annum
806 2649 989 2726 Dcxxx.
1016 2655 1213 2750 evulgatis,

452 2741 540 2858 Cap.
562 2765 621 2842 53.
642 2745 731 2844 apud
760 2745 1065 2854 lindenbrogium
1090 2757 1123 2828 &
1150 2759 1211 2830 ua-

452 2841 617 2928 luztum,
644 2849 780 2940 Jadr'eer
815 2853 955 2943 Fisealer
992 2857 1215 2952 appellantur

451 2942 561 3023 etiarn
596 2949 780 3026 Comites.
815 2953 856 3026 si
880 2959 950 3052 qais
967 2957 1119 3046 sociem
1155 2957 1212 3030 Fi·

444 3045 585 3144 palem,
612 3077 703 3146 pacare
735 3055 887 3124 Comitem
920 3073 1057 3147 meane,
1088 3051 1213 3149 interfe-

451 3146 548 3236 cerit,
569 3150 724 3240 [exemtis
744 3153 858 3242 solidis
884 3157 1054 3230 mirmur.
1084 3157 1212 3232 Eidem

452 3243 649 3320 rationein
665 3251 930 3347 Capitularibus
952 3259 1087 3357 Regum
1108 3265 1210 3332 Fran·

452 3369 574 3426 cocunt
600 3345 776 3442 edicitur,
800 3373 839 3426 ut
861 3357 999 3429 Comiter
1023 3361 1129 3458 probe
1152 3367 1211 3432 Le·

447 3467 695 3542 geutenreut,
719 3479 792 3552 quo
816 3453 1001 3530 secundom
1027 3457 1135 3551 ipsam
1161 3461 1208 3558 ju·

397 3569 402 3576 “
452 3546 569 3622 dicate
594 3549 745 3642 poffint:
776 3571 816 3625 ut
836 3557 997 3646 justitiane
1021 3581 1148 3648 ament,
1174 3587 1213 3630 ac

461 3644 471 3658 ἱ

449 3651 519 3728 lanc
560 3671 659 3722 mora
701 3649 857 3724 faciant:
897 3653 1039 3754 lingulis
1079 3655 1213 3736 idcireo

1303 2443 1556 2532 temperantia.
1584 2445 1768 2519 Nonnulla
1794 2469 1838 2516 ex
1867 2442 1922 2518 bie
1949 2437 2060 2514 Placi-

1304 2543 1376 2637 tis,
1412 2543 1482 2620 five
1523 2543 1675 2644 publicis
1714 2543 1864 2636 Iudiciis
1899 2543 2057 2642 evulgata

1303 2649 1467 2746 leguntur
1491 2647 1534 2720 ab
1556 2643 1739 2746 Emdiria3
1760 2671 1870 2746 eaque
1893 2645 1986 2720 inter
2001 2669 2060 2718 ue·

1302 2767 1415 2822 terum
1442 2747 1615 2840 Chartae,
1635 2747 1730 2846 quod
1754 2749 1960 2846 plerumque
1986 2771 2062 2820 eru·

1300 2848 1475 2924 ditionem
1504 2851 1581 2949 plus
1616 2851 1764 2954 juvent,
1791 2849 1918 2930 maiori
1948 2845 2060 2922 lludio

1302 2953 1319 3024 l
1341 2975 1398 3024 me
1417 2949 1612 3050 conquisita
1632 2950 1793 3026 fuerunt.
1818 2949 2061 3044 Quamobrem

1300 3077 1539 3152 quaecumque
1563 3077 1632 3154 ego
1658 3051 1781 3152 potui,
1807 3049 1983 3154 congesti,
2008 3076 2063 3124 ea·

1301 3179 1367 3252 que
1395 3153 1433 3228 in
1461 3153 1527 3229 hoc
1553 3157 1668 3255 Opere
1695 3153 1902 3254 producam.
1942 3157 2063 3227 Unum

1242 3257 1276 3327 D
1302 3253 1436 3330 interca
1454 3259 1655 3356 exemplum
1678 3252 1854 3354 accipiant
1871 3251 2065 3344 Lectores,

1286 3379 1424 3496 ¹nempe
1459 3355 1679 3476 judicatum,
1704 3351 1797 3466 quod
1821 3349 1912 3421 olim
1945 3355 2057 3520 vezo-

1285 3457 1813 3656 continebatur
1838 3473 2058 3628 arctet

1285 3617 1443 3734 lsmetae
1468 3661 1608 3736 Mariae
1633 3655 1674 3733 ad
1700 3657 1903 3762 organum.

509 3879 702 3976 Placitum
733 3887 757 3979 l
787 3887 991 3985 Bonilacio
1022 3897 1184 3988 Comite
1215 3907 1399 3992 Veronae
1429 3903 1608 3992 habiturn
1641 3902 1682 3992 in
1713 3907 1846 4014 Burgo
1878 3895 2003 4012 Illae,

564 4005 635 4096 in
665 4039 749 4124 quo
780 4011 953 4122 Regium
987 4019 1245 4130 patrocinium
1278 4021 1503 4108 conceditur
1532 4027 1644 4108 rebus
1677 4017 1910 4108 Monallerii

650 4133 883 4222 Voroncnfie
904 4137 1067 4226 Sanbiae
1094 4137 1248 4226 Mariae
1267 4141 1316 4228 ad
1337 4147 1571 4256 Orgaoum,
1593 4146 1715 4227 Anno
1740 4167 1865 4252 ¹073·

547 4365 605 4433 Um
623 4361 659 4436 ia
683 4365 748 4438 net
765 4367 889 4439 nemine
909 4369 944 4439 ire
966 4372 1127 4446 comitatu
1148 4377 1201 4443 Vc·
1239 4377 1268 4446 E

570 4469 696 4562 mensa
729 4467 763 4541 irs
792 4471 864 4539 Vics
900 4473 1002 4560 letae,
1038 4473 1072 4546 irs
1108 4479 1206 4546 Curre

440 4573 538 4640 Prota
558 4571 689 4664 propria
724 4571 919 4658 lucerardo,
943 4591 1001 4665 per
1032 4574 1103 4666 ejus
1125 4583 1205 4648 dara

441 4767 598 4846 nefarius
624 4775 756 4848 Comes
782 4765 879 4844 illius
904 4773 1108 4852 Comitatus
1134 4783 1204 4850 Vc·

440 4867 594 4946 mnmlis
628 4879 673 4946 aad
691 4871 890 4968 lingulam
925 4877 1086 4961 homiuum
1109 4877 1200 4971 julli·

441 4975 507 5046 ct‘ns
529 4970 695 5073 feriendae
729 4999 767 5045 ae
791 4974 1043 5066 deliberandam·
1067 4977 1208 5076 adeffettt

441 5097 508 5146 tunt
531 5077 776 5170 oeGatledatO,
796 5077 840 5144 θ’
864 5079 958 5154 nata
970 5083 1128 5174 sedicet,
1148 5087 1207 5155 ad·

1224 5151 1230 5178 1

1294 4401 1351 4546 pse
1368 4372 1843 4550 sappaneslflrmmassceh&
1856 4369 1960 4544 geris
1980 4391 2059 4541 px

1294 4474 1713 4675 O‘zzl'radjzefir'bzpiaffi'
1726 4503 1783 4668 sicu
1795 4497 2057 4666 sensibilitati·

1293 4679 1367 4750 lites
1399 4687 1439 4753 de
1459 4676 1671 4774 suprascripto
1704 4677 1906 4765 Comitatus,
1936 4670 2060 4744 Marti·

1294 4805 1352 4870 aa,
1380 4783 1426 4853 Φ·
1458 4785 1571 4870 Zeno,
1598 4779 1644 4850 θ’
1679 4779 1879 4864 Laureneio,
1906 4775 1951 4846 δ’
1984 4772 2061 4846 aliie

1292 4883 1417 4975 plures.
1455 4883 1564 4982 Ibique
1589 4907 1692 4954 ranem
1726 4883 1873 4953 boam
1901 4875 2062 4948 hesitare

1292 4984 1446 5078 presencia
1477 5001 1634 5056 tutemet
1659 4983 1868 5056 ankhlm
1901 4977 2062 5050 Presbitee

1286 5087 1337 5157 o
1362 5085 1563 5180 mannam,
1588 5087 1635 5160 0
1660 5081 1822 5178 Creserrcia
1845 5081 1970 5172 clerieo
1996 5103 2063 5153 aaa

1878 5229 1884 5242 ·
1938 5205 2009 5252 cem
