4628 6150
388 489 586 676 ιέιιι
621 458 756 654 ms
774 452 1157 652 ssssssst
1185 447 1315 647 Am
1327 447 1488 642 {is
1512 447 1783 668 lisina,
1813 490 2017 674 istm

391 688 427 760 tc
464 689 595 760 Comes
634 679 820 755 Comitatu
857 673 1086 762 Mutinense,
1115 679 1160 748 (θ’

252 769 258 790 ⁸
391 788 589 862 Adelbertus
617 782 756 854 Clericus
782 775 881 872 Misi
915 779 1015 851 eidem
1042 783 1158 850 Dormo

384 887 515 981 Joonni
549 881 789 978 Arcliopiscopo
822 883 867 950 U·
893 879 1024 954 Abbati
1054 882 1096 950 ab
1127 905 1162 950 eo

394 987 532 1076 diresin,
551 1011 617 1057 uuo
636 983 734 1068 simul
755 1009 825 1053 cum
844 984 937 1054 bonos
956 981 1093 1050 homiues
1111 1008 1162 1050 ex·

395 1090 576 1178 circatores,
605 1087 640 1156 io
657 1085 737 1177 suut
760 1084 930 1155 Rolarrdus
945 1081 1043 1172 filius
1066 1107 1160 1176 quon·

394 1193 470 1263 dam
493 1185 619 1278 Riculfi
629 1242 639 1277 ‚
666 1186 710 1256 (9'
732 1184 824 1256 Petri
838 1181 895 1274 fil.
920 1185 1077 1279 quondam
1096 1186 1161 1253 Do·

396 1291 527 1379 mimici,
544 1289 601 1383 seu
622 1288 802 1361 Romalrlus
812 1283 910 1376 silius
928 1285 1084 1382 quondum
1101 1282 1161 1353 Gi·

391 1391 523 1486 selborti
532 1444 540 1460 .
558 1390 687 1488 Quibus
700 1389 842 1458 omnibus
851 1385 1077 1458 estimantibus
1086 1411 1161 1454 com·

1322 671 1391 745 'ta
1415 673 1568 768 complevi
1594 675 1638 744 (θ’
1662 679 1755 750 dedi.

1303 776 1457 846 Attente
1483 772 1563 849 heic
1599 775 1911 855 animadvertenda
1938 779 2020 856 sunt

1252 875 1358 948 verba
1395 873 1480 949 illa:
1517 881 1567 947 Et
1601 880 1647 948 ad
1679 879 1760 952 bour
1789 883 2019 977 prouidendum

1253 977 1527 1050 commutationem
1546 975 1730 1069 accessimus
1749 981 1845 1078 stipor
1871 984 1947 1080 ipsis
1973 1013 2020 1058 re·
2133 1035 2136 1040 -

1252 1081 1309 1150 bus
1328 1079 1491 1150 llderodus
1506 1075 1605 1170 M¹sl⁰
1625 1083 1736 1156 Domui
1750 1087 1908 1156 Teodoldi
1922 1093 2019 1160 Mor.

1252 1179 1318 1248 chio
1344 1179 1388 1248 U*
1411 1183 1521 1248 Comes
1545 1181 1710 1253 Comiraou
1738 1187 1919 1279 Mutinense
1928 1217 1950 1277 ,·
1964 1181 2020 1262 ’θ’

1253 1280 1450 1351 Adolbertus
1474 1281 1616 1351 Clericus
1642 1285 1710 1356 Ue.
1738 1311 1805 1358 uua
1825 1284 1925 1372 fimul
1947 1319 2019 1366 cum

1251 1383 1345 1450 bonor
1370 1381 1509 1451 homines
1542 1383 1740 1455 extimarum
1767 1390 1837 1461 &c
1866 1389 1933 1464 Uti
1962 1392 2023 1466 in·

394 1493 508 1592 paruit
533 1517 635 1563 eorum
662 1491 922 1578 extimaverunt,
949 1487 1032 1583 quod
1057 1486 1162 1555 melio·
1192 1479 1222 1550 B
1253 1479 1303 1552 fra
1340 1482 1492 1554 monebo
1518 1480 1556 1554 in
1594 1485 1773 1561 Dissertat.
1800 1493 1953 1565 Lxxlt.
1978 1497 2019 1565 de

398 1615 488 1669 roras
513 1619 561 1664 res
580 1591 749 1688 susciperet
776 1589 839 1686 ipse
865 1595 999 1660 Dornus
1015 1593 1047 1679 J
1049 1611 1164 1658 oannes

397 1693 660 1792 Archiepiscopus
674 1693 718 1764 θ’
736 1694 853 1766 ouras
866 1691 911 1762 od
928 1691 1059 1760 eundem
1075 1693 1164 1758 Gun-

398 1797 556 1889 desredi
586 1814 680 1893 parre
707 1793 804 1890 ipsius
829 1789 1020 1878 Monoslerii
1030 1845 1040 1878 ,
1070 1814 1163 1884 quam

398 1901 512 1989 claret,
539 1897 584 1968 U*
601 1896 725 1993 legibus
742 1894 939 1966 commutatio
960 1890 1028 1988 ipsa
1047 1891 1091 1964 (9
1100 1887 1164 1980 fie-

399 2001 430 2071 ri
451 1995 618 2098 potuisset.
654 2003 706 2069 De
740 1997 853 2092 quibus
889 1997 934 2064 U·
963 2015 1048 2090 peno
1083 1993 1167 2062 iuter

395 2102 433 2194 se
464 2099 661 2196 posuerunt,
697 2118 735 2168 ue
760 2095 794 2181 fi
819 2095 890 2192 quis
913 2121 951 2164 ea
976 2091 1076 2190 ipsis,
1109 2110 1185 2164 orco.

395 2195 572 2295 successores
595 2200 651 2270 uel
672 2198 797 2267 heredes
821 2221 923 2266 eorum
944 2191 1097 2312 mimis
1120 2167 1186 2316 νε..
1448 2291 1456 2308 ι
1599 2293 1606 2309 ¹

403 2306 482 2393 ms,
509 2300 565 2398 qui
600 2303 643 2372 ad
678 2297 814 2369 invicem
839 2315 1088 2369 commutaremus
1114 2319 1166 2364 no·
1253 2317 1299 2388 go
1325 2293 1482 2390 protuli.
1505 2295 1523 2366 ὲ
1548 2294 1677 2390 quobus
1699 2295 1892 2390 constans
1918 2304 2018 2374 Mar·
2080 2365 2082 2368 .

1254 1609 1309 1697 epu
1335 1608 1362 1652 rs
1396 1583 1556 1657 imminut.
1592 1585 1768 1675 Ecclefiosl.
1794 1591 1903 1690 potest.
1928 1619 2021 1692 quo·

1257 1702 1321 1756 ties
1348 1683 1578 1758 Ecclestarum
1605 1713 1660 1760 res
1686 1715 1765 1762 cum
1793 1691 1916 1793 aliquo
1944 1721 2022 1793 per.

1255 1783 1442 1859 mutandae
1471 1805 1593 1878 erant,
1620 1787 1808 1867 mandante
1834 1795 2020 1872 Marcbio·

1254 1911 1319 1975 ne,
1344 1901 1405 1958 aut
1430 1887 1577 1962 Comite
1599 1889 1796 1981 Ciuitatis,
1816 1895 2019 1996 deligeban-

1255 2005 1312 2058 tur
1346 1988 1602 2080 aestimatores,
1629 1994 1692 2089 qui
1723 1994 1820 2093 prius
1855 1999 2019 2094 agnosce·

1254 2106 1353 2178 rent,
1391 2115 1434 2162 an
1470 2093 1708 2166 commutatio
1743 2096 1781 2169 in
1818 2098 2016 2175 utilitatem

1256 2211 1413 2288 uergeret
1440 2191 1510 2264 loci
1540 2191 1646 2266 sacri.
1674 2193 1779 2269 Alias
1804 2198 1956 2273 Chartae
1978 2228 2019 2275 e·

403 2405 487 2475 mine
521 2401 725 2473 tradiderunt
751 2399 797 2471 ir.
825 2399 870 2469 iu.
899 2423 958 2466 non
984 2395 1166 2487 defensave-
1195 2394 1227 2464 C
1255 2391 1441 2466 chionibus
1477 2391 1628 2467 Tusciae
1653 2395 1824 2490 ejusmodi
1860 2399 2017 2476 aestima.

400 2506 497 2594 rint,
531 2522 714 2598 componant
739 2522 817 2597 pars
838 2498 928 2596 porci
950 2520 1034 2594 peno
1058 2498 1169 2594 duplis

405 2607 490 2702 ipsas
512 2605 618 2702 potior
642 2605 680 2674 cle
707 2622 816 2691 terra,
844 2597 927 2686 ficut
953 2623 1010 2695 pro
1035 2618 1168 2695 tompore

398 2708 523 2800 suerint
549 2705 729 2776 meliorator
753 2723 811 2774 aut
837 2702 1002 2772 voluerim
1029 2699 1091 2791 sub
1117 2727 1166 2768 ex·

404 2807 569 2880 rimationo
595 2806 682 2876 intra
706 2803 787 2875 bauo
813 2805 924 2875 Urbem
951 2803 985 2872 iu
1014 2801 1170 2884 constmile

403 2911 485 2982 loco.
514 2909 605 2980 Unde
626 2909 688 2978 due
710 2905 843 2977 Corcule
863 2901 1114 2976 commutationis
1131 2927 1170 2973 u·

403 3035 444 3085 rto
470 3033 572 3082 terrore
593 3009 709 3104 scripte
729 3006 827 3098 sont.

438 3113 578 3186 ⁸«sillum
604 3111 751 3181 Ciuitate
776 3108 970 3199 Ticinensem
993 3106 1149 3197 seliciter.

416 3239 421 3249 ·
453 3219 480 3287 5
481 3214 590 3311 ignum
625 3212 772 3281 manibus
800 3208 1011 3304 suprascripto
1040 3212 1166 3278 Gunde-

1255 2513 1347 2568 tores
1383 2493 1482 2567 scrisse
1508 2494 1627 2570 datos.
1663 2495 1761 2574 Hinc
1787 2527 1871 2600 ergo
1900 2500 2017 2580 sublu-

1254 2621 1332 2669 cere
1368 2597 1460 2696 polse
1496 2595 1907 2694 videtur,·Tcdasdum‚
1943 2629 2017 2679 non

1256 2694 1366 2768 l'olbm
1386 2697 1439 2769 uti
1460 2701 1612 2788 Comes,
1634 2699 1816 2776 sedetiam
1840 2705 1894 2778 uti
1918 2708 2018 2780 Mar·

1255 2795 1359 2888 chio,
1391 2797 1572 2893 praefuisse
1602 2802 1785 2892 Muriuae;
1810 2807 1845 2878 bc
1873 2833 1916 2880 ex
1953 2807 2019 2881 hac

1258 2899 1352 2972 Urbe
1364 2925 1446 2972 cum
1469 2899 1549 2973 aliis
1566 2900 1684 3000 sunsit
1699 2905 1918 2980 efformatam
1935 2907 2020 2983 tuis·

1256 2997 1288 3072 se
1311 3001 1511 3077 Marchiam
1533 3005 1696 3079 Tedaldo
1715 3011 2019 3084 commendatam.

1258 3100 1364 3198 Ipsius
1389 3130 1530 3203 quoque
1553 3106 1704 3178 ”sedaldi
1731 3129 1828 3206 pater
1850 3112 2020 3187 Adesbet·

1258 3222 1336 3293 tus,
1363 3203 1425 3301 qui
1461 3207 1493 3276 8(
1534 3209 1635 3282 Aeo.
1665 3205 1777 3280 luerat
1811 3219 1920 3284 Comes
1953 3223 2021 3285 Re.

500 3313 586 3404 srrdi
622 3309 781 3406 Magister
811 3313 963 3396 Monere,
998 3308 1054 3403 qui
1088 3308 1170 3380 banc
1196 3309 1230 3378 D
1253 3301 1393 3398 gienfir,
1405 3303 1479 3388 seue
1497 3305 1710 3395 Mutinensis,
1727 3310 1912 3384 urostendi
1929 3317 2018 3411 Cap.

504 3433 624 3487 cartam
649 3409 901 3483 commutationis
924 3407 1006 3504 fieri
1031 3408 1167 3506 rogavi,

506 3517 593 3614 eique
619 3512 732 3586 releslo
758 3511 819 3600 esi.

454 3619 624 3693 llderadur
643 3615 698 3706 sui
723 3633 759 3684 ut
778 3613 898 3708 sorpta.

618 3708 1072 3900 utilitum
1098 3715 1168 3827 Rc-

506 3841 699 4010 isssliebur
718 3837 926 4004 acesserunt,
962 3907 1007 3980 (Ὺ
1034 3834 1166 3984 exsiliis

505 4034 621 4088 verum
647 4033 682 4085 ut
702 4012 822 4110 supro.

455 4117 591 4216 Signum
605 4116 751 4188 manibus
763 4113 927 4188 Dominici
940 4112 1094 4186 Notarius
1104 4119 1166 4188 sa·

506 4219 551 4290 cri
576 4217 703 4290 Palatii
728 4237 857 4314 rogatur
876 4213 1065 4312 subscripsi.

454 4326 482 4394 S
483 4320 593 4418 ignum
622 4319 767 4390 monibus
794 4314 989 4413 ingelbertus
1014 4316 1170 4388 Notarius

507 4420 600 4496 Sacri
624 4417 750 4490 Palatii
776 4438 904 4514 rogatus
922 4416 1109 4512 subscrips.

454 4524 594 4622 Signum
628 4519 774 4592 manibus
799 4517 951 4607 olJlulsur
967 4521 1080 4610 Juderr
1107 4523 1167 4590 So·

506 4623 553 4697 cri
578 4621 706 4694 Palatii
734 4639 862 4714 rogatus
882 4616 1069 4713 subscripsi.

1262 3405 1318 3477 16.
1348 3429 1424 3501 pag.
1467 3427 1548 3497 142.
1577 3406 1799 3500 Antiquitat.
1831 3409 1957 3482 Eibeos.
1988 3417 2020 3484 1.

1255 3503 1362 3599 bique
1386 3525 1560 3598 praeterea
1582 3503 1756 3576 Placitum
1784 3511 1915 3604 protuli
1943 3516 2020 3584 An.

1259 3628 1306 3674 no
1335 3605 1641 3676 DCCCsLXlV.
1667 3603 1852 3700 habitum,
1880 3612 1917 3683 in
1947 3639 2020 3712 quo

1255 3723 1448 3777 memorata
1482 3703 1529 3776 est
1555 3729 1630 3797 pars
1665 3712 1841 3800 Marthae,
1869 3711 1937 3786 hnc
1973 3713 2021 3788 est

1254 3805 1307 3906 jus
1333 3804 1556 3880 Marcbionis
1583 3806 1621 3880 in
1649 3835 1732 3910 agro
1761 3815 1932 3908 Regiensi,
1958 3833 2020 3891 aut

1256 3907 1441 3991 Pamensi.
1477 3910 1571 4006 Ergo
1607 3912 1706 4010 regio
1744 3910 1832 4003 issa,
1867 3941 2020 4013 quacum

1258 4013 1434 4080 Mantuam
1473 4035 1613 4108 quoque
1654 4013 1877 4108 conjunbiam
1921 4016 2022 4092 fuisse

1254 4111 1405 4208 opimum
1425 4137 1553 4182 nomen
1576 4115 1772 4185 Marcbiooris
1788 4115 2019 4209 Theodaldo,

1257 4211 1398 4312 ejusque
1418 4211 1505 4286 silio
1533 4213 1719 4288 Bonifatio
1747 4215 1934 4289 contulisse
1964 4217 2021 4293 vi.

1258 4313 1381 4404 detur,
1410 4336 1596 4412 antequam
1635 4315 1764 4388 Tuscia
1798 4316 1913 4390 eidem
1952 4323 2022 4395 Bo.

1259 4413 1392 4489 nifacio
1415 4415 1658 4489 commendata
1684 4415 1807 4490 luerit.
1837 4421 1888 4493 lta
1912 4425 2023 4523 Reges

1258 4537 1365 4613 atque
1391 4519 1621 4616 imperatores
1645 4518 1864 4620 temporibus
1889 4521 1934 4595 iis
1959 4551 2022 4622 pro
2065 4569 2069 4574 -

1242 4615 1408 4725 ¹arbitrio
1430 4644 1540 4692 novas
1564 4619 1743 4694 Matthias
1769 4623 2022 4718 efformabant,

456 4725 594 4823 Signum
621 4721 767 4794 manibus
793 4717 944 4808 Stesauur
968 4721 1083 4810 Judex
1107 4725 1170 4792 Sa·
1241 4739 1300 4810 tut
1326 4716 1488 4793 fidelibus
1515 4719 1581 4793 suis
1605 4721 1905 4819 gratificareatut.
1929 4726 2024 4800 Ade-

506 4825 554 4897 eri
579 4823 708 4898 Palatii
733 4841 861 4916 rogatur
879 4818 1068 4917 subscripfi.

456 4931 530 5026 Ego
555 4926 718 4998 Walterur
743 4941 870 5017 rogatus
895 4921 1003 5008 cesleo.

456 5028 541 5124 sign
557 5075 668 5100 .....
705 5025 903 5096 Woribortur
935 5023 1090 5095 Notarius
1125 5025 1169 5094 (9

498 5127 614 5234 sordeo
634 5124 729 5202 Sacri
749 5125 898 5222 Paluii,
917 5127 1053 5226 scriptor
1073 5124 1171 5223 busur
1182 5119 1190 5216 Ι

1260 4821 1326 4894 lais
1344 4838 1460 4893 autem
1483 4825 1693 4920 imperatrix
1718 4828 1826 4898 multa
1846 4829 2024 4900 Arctoam

1258 4924 1373 5012 Azoni
1392 4922 1591 4996 Theobaldi
1615 4925 1707 5022 patri
1729 4927 1876 5000 debebat
1901 4929 1949 5002 ob
1969 4928 2025 5002 in·

1257 5048 1342 5122 gens
1367 5021 1459 5098 illud
1484 5023 1719 5112 beneficium,
1744 5025 1838 5123 quod
1863 5029 1882 5098 b
1912 5029 2025 5104 Doni.

1257 5149 1348 5202 zone
1374 5123 1522 5224 aliisque
1549 5125 1738 5202 Historicis
1767 5151 2025 5206 commemora.

1895 5247 1973 5306 tur·
