4626 6152
283 492 435 684 potitii
443 468 644 678 catoroth),
653 461 725 660 lorii·
738 463 927 686 inferiori
939 461 1159 684 iiepirlrIAOl
1185 458 1365 657 offitii
1375 461 1524 672 ἰξυῖ
1539 461 1700 674 diaron
1725 491 1905 684 Rigida.

286 690 476 789 implorare,
512 709 550 759 nr
583 690 688 796 Regio
716 691 799 785 fiilio
832 693 1050 765 decoramur.

286 792 442 862 Tamdem
466 790 682 888 Principum,
698 820 736 865 ac
761 819 822 864 non
846 793 981 864 modicae
995 815 1048 891 pe·

284 893 397 963 cuniae
423 892 626 983 interventu,
650 913 712 990 pto
731 892 812 990 poffe
837 893 1045 983 iicrltrestjie·

284 1014 356 1064 rent
381 1009 591 1089 arrogarent
623 996 764 1092 Populi,
800 1023 839 1068 ne
865 996 959 1070 ilium
985 1005 1049 1068 Re·

279 1115 354 1190 gem
379 1093 595 1186 constitueret,
623 1095 676 1168 die
704 1103 818 1170 Lunae
841 1099 940 1174 tenid
966 1126 1046 1170 men·

277 1195 327 1281 sie
351 1193 499 1291 Augusti
523 1195 625 1292 ipsum
642 1199 816 1294 Imperator
833 1207 953 1295 Regem
971 1207 1045 1272 Sar·

284 1296 397 1367 diniae
423 1294 585 1388 instituit,
609 1303 844 1396 promittentem
868 1303 913 1370 (9⁹
931 1301 1045 1394 juran-

284 1415 348 1466 rem
373 1400 560 1494 Imperatori
587 1391 802 1500 fidelitatem.
840 1401 969 1478 Latius
994 1401 1045 1474 di-

1140 705 1234 760 teros
1260 685 1369 758 etiam
1400 685 1540 773 Judiees
1565 681 1804 774 descendille,
1839 679 1904 781 qui

1142 785 1296 862 Insulam
1333 783 1447 887 postea
1482 784 1577 859 inter
1603 783 1636 858 se
1662 783 1796 860 fuerint
1827 809 1905 882 par·

1141 888 1229 964 titi.
1256 891 1304 962 Et
1331 913 1441 988 pauca
1466 885 1553 960 haec
1578 885 1621 959 de
1647 884 1809 960 Sardinia
1835 881 1904 960 suf·

1138 989 1284 1080 finiant,
1311 987 1354 1062 de
1372 1015 1442 1088 qua
1461 987 1603 1088 ejusque
1622 986 1805 1076 Judicibus
1826 987 1904 1086 plu·
2030 1007 2032 1012 ’

1138 1118 1175 1166 ra
1203 1089 1359 1165 adferam
1393 1092 1433 1166 in
1460 1117 1571 1182 nuper
1599 1107 1794 1163 memorata
1823 1086 1904 1161 Dis·

1139 1187 1217 1266 sc'tt.
1246 1195 1397 1266 xxxss.
1423 1195 1464 1264 de
1491 1191 1616 1289 Origin.
1653 1190 1801 1286 Linguae
1834 1193 1903 1262 lta.

1138 1295 1191 1367 lic.
1218 1293 1326 1388 Quod
1356 1292 1529 1394 postremo
1556 1289 1816 1366 animadvertas
1844 1316 1904 1364 vr.

1137 1395 1230 1487 lim,
1257 1394 1398 1494 antiqui
1427 1393 1628 1470 Gothorum
1657 1396 1795 1494 Reges,
1829 1419 1904 1468 non

283 1495 376 1596 gesta
412 1496 497 1572 haec
540 1498 646 1576 habes
686 1491 737 1578 ἰή
765 1501 937 1578 Annalib,
979 1507 1046 1578 Ge.
1083 1502 1271 1598 BReges,
1307 1495 1365 1571 sed
1390 1498 1528 1590 judices
1561 1495 1731 1594 appellari
1766 1496 1801 1568 δι
1837 1493 1902 1593 ipli
1975 1585 1977 1590 Ι

268 1593 404 1702 'nuenli
429 1601 465 1672 δι
492 1598 531 1674 iu
557 1601 741 1678 Chronico
766 1603 914 1694 Pisano,
941 1605 1048 1681 editis

280 1695 323 1774 in
350 1699 472 1775 eodem
500 1705 622 1779 Tomo
641 1709 706 1778 VI.
733 1709 865 1780 Rerum
893 1707 1046 1781 italicar.

281 1800 346 1874 ubi
391 1800 590 1880 referuntur
624 1803 762 1882 diffidia
800 1833 871 1882 non
917 1833 1047 1909 pauca,

281 1926 372 1999 quae
398 1902 492 1978 inter
518 1905 728 1982 Barosonem
756 1908 848 1984 hunc
876 1909 1044 1984 umbrati·

276 2004 351 2076 lem
377 2007 533 2106 Regem,
561 2009 764 2108 ceterosque
788 2008 968 2085 Sardiniae
986 2015 1044 2100 Ju-

279 2101 402 2196 dices,
443 2105 644 2224 pariterque
686 2113 781 2184 inter
817 2110 1043 2198 Genuenses,

123 2215 126 2224 ¹
176 2279 179 2286 .
279 2220 386 2301 atque
412 2207 555 2285 Pisanos
581 2209 681 2284 illiue
706 2209 822 2285 caulei
848 2211 1042 2288 intercelle·

276 2324 335 2378 te.
371 2307 501 2382 Tertio
526 2309 690 2400 Judieato
725 2314 880 2387 Gallorur
913 2339 1043 2396 nornen

1139 1601 1361 1692 maluerunt,
1397 1602 1529 1699 quippe
1564 1595 1632 1670 hoc
1666 1594 1902 1670 nomineA·

1139 1699 1361 1774 thanaricum
1391 1702 1525 1774 donant
1552 1695 1768 1772 Ammianus
1802 1700 1902 1772 Mar·
1962 1793 1966 1799 ⁴

1139 1801 1289 1876 cellinus
1315 1802 1400 1876 Lib.
1430 1825 1489 1898 27.
1516 1799 1652 1890 Histoe.
1674 1825 1715 1876 ac
1750 1796 1902 1876 Themi·

1138 1901 1220 1976 liius
1246 1904 1285 1976 in
1311 1907 1412 1978 Orat.
1441 1907 1484 1977 X.

1191 2008 1301 2079 Porro
1328 2031 1437 2103 quum
1463 1997 1557 2078 iaiia
1583 2003 1675 2080 mihi
1701 2002 1801 2104 supra
1827 2001 1902 2078 lue·

1138 2103 1188 2178 rit
1214 2107 1352 2180 mentio
1379 2109 1520 2181 Ducum
1544 2107 1580 2178 δι
1605 2105 1812 2203 Principum
1834 2107 1902 2179 Be·

1137 2225 1444 2300 neventanorurn,
1480 2207 1576 2282 inter
1609 2202 1735 2279 Italiae
1763 2204 1901 2280 Princi-

1137 2331 1195 2406 pes
1221 2307 1282 2382 diu
1319 2309 1562 2401 eximiorum,
1598 2331 1813 2407 quamquam
1839 2333 1900 2382 eo·

233 2401 371 2497 ·tuir,
398 2405 540 2508 dequo
567 2410 695 2487 itidem
722 2412 860 2488 mentio
885 2415 1043 2490 occurrit
1071 2425 1103 2498 C
1136 2435 1213 2483 rum
1242 2409 1364 2490 seriem
1401 2409 1526 2488 multis
1563 2407 1810 2508 pertreffllm
1837 2408 1900 2484 ha·

277 2504 317 2580 in
345 2527 546 2586 memorato
569 2511 755 2590 Chronico
781 2513 930 2590 Pisano.
967 2520 1040 2611 Dy-

276 2607 404 2710 nalliae
444 2610 548 2712 hu‘us
587 2615 731 2704 Iudices·
764 2614 825 2690 diu
867 2613 1042 2708 floruere,

273 2707 386 2784 donec
413 2711 729 2791 circiter-Annum
756 2720 1041 2794 Mccxcvm.

193 2851 195 2854 -
275 2813 295 2880 e
332 2809 429 2885 vivis
471 2811 628 2892 sublatus
667 2815 739 2909 eli,
765 2818 879 2893 'nulli
918 2819 1043 2894 retiola

273 2911 396 3007 prole,
434 2915 591 3008 Ugolinur
616 2921 771 2992 Gallurae
787 2921 923 3014 Judex,
961 2925 1040 2994 Ma·

272 3005 364 3083 ritus
391 3014 551 3086 Beatricir
577 3017 743 3109 Estensrr,
765 3035 870 3118 'quae
906 3019 981 3121 post
1006 3048 1035 3096 e·

272 3110 328 3208 jus
354 3107 427 3186 fota
453 3112 584 3191 iterum
611 3115 726 3218 nuplit
748 3118 915 3196 Galeatio
937 3120 1041 3198 Vice-

272 3211 402 3288 comiti
437 3217 618 3295 Matthaei
655 3221 785 3322 Magni
821 3219 923 3316 filio,
959 3227 1038 3299 Me-

266 3309 529 3404 diolanenfiutn
557 3319 684 3396 deinde
723 3321 907 3424 Principi.
944 3328 1034 3399 Dan·

269 3429 323 3487 tes
345 3415 554 3516 Aldigerius
567 3421 715 3498 celebris
735 3422 836 3498 illius
853 3424 933 3499 aevi
954 3429 1030 3500 Poe·

269 3529 308 3589 ta
334 3516 532 3611 Etruscus,
559 3520 757 3598 honorifice
792 3524 961 3600 meminit
989 3531 1038 3600 U-

269 3614 386 3714 golini
413 3617 544 3718 hujus,
571 3649 678 3721 quem
705 3626 831 3698 Ninum
857 3629 1039 3727 appellat,

270 3719 359 3812 Gap.
385 3723 489 3793 Vlll.
518 3723 751 3821 Purgatorii,
777 3725 860 3800 dum
889 3753 968 3803 eum
996 3730 1040 3804 de

268 3814 433 3890 Beatrice
469 3835 573 3893 antea
608 3822 773 3928 Conjuge'
808 3826 869 3904 sua
902 3827 956 3904 ita
984 3833 1036 3905 lo·

269 3934 441 4016 quantem
467 3915 578 3994 lacit:

319 4072 396 4144 Non
422 4071 452 4142 le
472 4070 551 4162 sard
575 4077 605 4146 sl
630 4075 717 4150 bella
734 4079 897 4177 sepultura

369 4176 424 4244 La
439 4173 578 4271 Vipera,
600 4179 654 4248 ebe
669 4177 684 4248 i
697 4179 856 4267 Milanefi
868 4203 1016 4280 occampu

369 4277 400 4344 C
400 4299 466 4346 orne
475 4277 574 4350 auria
582 4282 672 4369 fatto
685 4279 712 4352 il
723 4283 819 4371 Gallo
828 4284 866 4356 di
876 4285 1036 4360 Galluro.

268 4419 434 4499 Tandem
479 4449 647 4526 quartum
683 4431 864 4510 Sardiniae
898 4435 1035 4526 Judica·

267 4537 347 4596 tum
375 4531 493 4598 Turres
528 4533 806 4624 constituerunt,
841 4537 936 4637 quod
963 4537 1036 4612 alio

125 4655 127 4662 ·
266 4622 415 4700 nomine
436 4633 598 4724 Luguduno
625 4634 672 4708 est
699 4639 939 4738 appellatum,
963 4636 1033 4736 spe·

263 4723 362 4799 filans
391 4725 434 4802 ad
459 4735 658 4808 Gonnarium
683 4735 823 4837 ipsum,
849 4740 948 4840 cujus
968 4739 1032 4816 Di·

264 4828 386 4922 ploma
423 4827 523 4931 supra
550 4835 763 4916 attulimus.
800 4839 888 4915 Veri
914 4862 1031 4916 autem

263 4923 377 5003 limile
404 4931 474 5024 ell,
513 4952 574 5010 aut
608 4935 699 5014 hanc
736 4938 918 5016 Sardiniae
954 4969 1030 5043 par·

262 5041 337 5102 tem
377 5032 527 5154 relirpuis
567 5039 727 5117 anteiilse
767 5041 808 5116 in
843 5041 1029 5120 deserendo

262 5127 419 5276 Retinet
444 5139 595 5247 atauo
620 5139 691 5248 tus
715 5142 930 5243 nouenos,
967 5161 1028 5225 out

1136 2511 1278 2584 beamus
1301 2511 1344 2584 ab
1364 2509 1553 2586 Hilioricis
1579 2508 1784 2600 nonnullis,
1811 2535 1919 2610 quoy

1136 2637 1213 2685 rum
1249 2607 1427 2711 Opulcula
1461 2611 1639 2688 Camillus
1675 2610 1898 2712 Peregriuius

1137 2709 1352 2816 evulgavit,
1394 2733 1499 2814 atque
1539 2740 1605 2815 ego
1645 2711 1759 2789 rursus
1800 2710 1898 2788 edidi

1137 2819 1230 2890 Part.
1257 2819 1285 2888 1.
1311 2815 1424 2890 Tomi
1460 2818 1508 2888 II.
1538 2820 1619 2891 Rer.
1655 2815 1811 2889 Italicar.
1841 2817 1897 2889 ni·

1134 2911 1212 2989 hilo
1229 2933 1349 2989 tamen
1375 2915 1485 2991 secius
1505 2914 1660 2991 tenebris
1686 2914 1895 2990 subduiium
1966 2925 1968 2930 '

1133 3016 1212 3090 heic
1238 3018 1325 3090 volo
1343 3017 1447 3092 breve
1467 3015 1697 3108 Chronicon,
1751 3014 1820 3090 uod
1839 3041 1897 3091 ac.

1134 3127 1274 3216 ceptum
1311 3114 1423 3192 refero
1460 3119 1618 3196 Nicolao
1644 3045 1823 3210 Aloihae,
1859 3145 1896 3192 a·

1135 3217 1231 3293 mico
1265 3215 1375 3311 viro,
1415 3221 1450 3294 δι
1487 3218 1743 3318 antiquitatum
1784 3217 1896 3296 medii

1067 3327 1102 3397 D
1133 3318 1212 3395 aevi
1248 3319 1433 3420 praecipue
1460 3319 1718 3397 amantiffimo.
1754 3320 1895 3396 Descri-

1135 3419 1199 3514 psit
1233 3421 1299 3496 ille
1333 3419 1552 3521 Opusculum
1587 3423 1655 3498 hoc
1682 3428 1700 3500 ὲ
1730 3441 1893 3525 pervetu-

1131 3523 1182 3596 sto
1210 3521 1345 3600 Codice
1373 3527 1481 3598 Msro
1516 3524 1762 3618 Bibliothecae
1788 3523 1894 3598 Vati·

1131 3651 1258 3715 canae,
1288 3623 1470 3724 Notosque
1490 3627 1598 3702 otiam
1626 3625 1785 3717 addidit,
1805 3652 1892 3726 quas

1131 3725 1231 3802 fimul
1268 3723 1400 3800 Leiior
1426 3726 1598 3829 accipiet.
1634 3732 1690 3802 Ita
1717 3735 1802 3802 vero
1828 3729 1894 3802 ille

1132 3828 1173 3901 ad
1201 3853 1257 3902 me
1292 3825 1447 3926 scripfit:
1485 3832 1618 3905 Oblatas
1652 3829 1695 3919 est
1728 3829 1808 3902 mihi
1833 3835 1895 3900 Co·

1129 3932 1189 4000 dex
1213 3931 1485 4023 membranaceus,
1520 3933 1577 4027 qui
1601 3933 1677 4003 olim
1704 3932 1739 4003 in
1765 3929 1894 4004 Biblio-

1126 4033 1215 4102 theca
1238 4039 1274 4099 ei
1291 4040 1434 4118 acupha
1460 4031 1649 4105 Cordinalis
1683 4032 1798 4104 sirleti
1831 4033 1892 4104 a'd·

1124 4131 1294 4224 seruatus,
1333 4133 1536 4226 illustriffimo
1562 4134 1750 4206 Aornalium
1785 4134 1893 4208 tondi·

1025 4241 1035 4277 ’
1067 4249 1096 4320 Ε
1127 4235 1189 4304 tori
1206 4235 1347 4306 Bononio
1369 4233 1546 4332 perspeiins
1565 4233 1652 4326 fuit.
1678 4237 1741 4308 Aa
1765 4235 1893 4308 Biblio-

1125 4335 1245 4408 thecam
1286 4337 1474 4410 Vaticanum
1516 4361 1598 4409 nunc
1633 4337 1804 4434 pertinet,
1846 4339 1891 4406 (9⁹

1126 4437 1318 4528 Psoirerium
1356 4437 1534 4526 Monostico
1566 4464 1649 4510 more
1681 4435 1888 4533 aifitoosttum,

1125 4540 1434 4632 sacramentarium,
1467 4559 1562 4636 atque
1585 4538 1889 4635 Antiphonarium,

1125 4641 1317 4737 Ritoalcque
1341 4649 1487 4733 demum,
1516 4669 1553 4714 ac
1576 4637 1790 4736 Hymnarium
1808 4657 1889 4709 corn·

1121 4740 1297 4838 pleiiitur,
1324 4742 1554 4816 choroiieribur
1578 4739 1829 4837 Langobardicis
1856 4767 1888 4810 e·

1122 4865 1260 4916 xarata.
1298 4845 1406 4936 Huic,
1441 4871 1530 4943 quern
1555 4841 1802 4940 antiquiffimum
1826 4866 1886 4912 cro·

1122 4963 1178 5034 cat
1212 4945 1356 5017 eruditur
1390 4946 1650 5019 Bartholomaeus
1688 4947 1887 5035 Gauantus,

1121 5043 1297 5142 praefixum
1317 5047 1360 5134 est
1384 5048 1577 5140 chronicon,
1601 5048 1644 5117 ab
1660 5053 1763 5118 Anno
1781 5051 1889 5118 Dcc.

1122 5153 1344 5223 LXXXVIII.
1371 5151 1416 5224 ad
1431 5155 1570 5228 Annum
1594 5148 1692 5246 usque
1715 5149 1885 5222 Mcxttt.

1207 5249 1293 5328 Dd
1344 5274 1367 5329 2
1736 5251 1836 5324 dedu
