4534 6164
459 365 548 551 6οὲ
768 437 1156 558 aurinum.
1203 435 1433 526 meum
1472 435 1645 530 Auru
1867 365 1975 556 σοι)

399 554 594 635 verisimile
627 555 791 632 videtur.
827 561 949 652 Quum
985 557 1081 632 enim
1117 560 1220 633 eo'A
1251 555 1369 632 rienfis
1398 559 1490 632 Part.
1520 559 1567 632 ll.
1594 555 1706 634 Tomi
1745 557 1800 636 Π.
1822 561 1903 634 lien.
1941 563 2013 636 itai

400 660 480 760 ipso
506 661 615 732 Anno
641 657 847 734 Ludonicus
883 657 962 732 filio
998 657 1058 732 suo
1086 662 1157 734 Lo·

399 759 521 838 thario
555 785 723 832 coronam
758 758 985 860 Augustalem
1025 765 1159 836 Romae

400 858 652 960 imponendam
679 857 846 952 curasset,
876 887 1027 962 eumque
1053 863 1159 936 colle·

399 991 482 1065 gam
516 962 556 1036 in
599 961 754 1058 Imperio
787 961 1019 1055 decrevisset,
1053 989 1158 1061 quem

401 1083 505 1139 auten
546 1061 660 1163 Regio
701 1061 846 1155 titulo,
888 1081 993 1166 atque
1033 1062 1161 1138 Italiae

401 1164 576 1268 regimine
614 1163 793 1256 donarat,
833 1162 939 1239 facile
982 1163 1159 1262 conjicere

401 1267 602 1372 possumus,
629 1283 705 1340 tum
726 1283 766 1340 ut
791 1265 1019 1340 incommoda
1047 1268 1160 1365 Popu-

395 1370 447 1445 lis
474 1369 743 1461 minuerentur,
779 1367 991 1442 tumetium
1020 1385 1162 1467 propter

1249 657 1310 733 lic.
1346 658 1522 732 Habitum
1555 685 1706 762 namque
1738 659 1829 735 illud
1865 659 1935 737 suit
1970 661 2011 740 iu

1251 763 1390 834 Ducatu
1430 763 1620 858 Spolctano
1659 763 1754 837 inter
1793 762 1939 838 Aelium
1972 764 2009 838 dc

1248 859 1478 936 Camerinum
1497 887 1541 936 ex
1568 862 1657 962 jussu
1682 861 1787 962 ipsius
1814 867 2009 960 imperato·

1248 960 1296 1036 ris
1323 961 1499 1036 Ludovici
1529 967 1575 1038 ll.
1603 965 1725 1064 ibique
1745 963 1932 1040 consedisse
1958 969 2009 1042 le·

1247 1064 2009 1164 gimusHucpoldumComitem‘Palaeii.Char.

1251 1185 1324 1239 tana
1344 1165 1432 1238 hanc
1451 1164 1571 1238 laudat
1590 1193 1731 1266 quoque
1752 1169 2007 1268 DuCangius,

1249 1283 1354 1363 atque
1379 1265 1464 1340 hinc
1489 1264 1655 1359 deducit,
1691 1293 1764 1342 uon
1791 1266 1925 1367 semper
1950 1270 2009 1346 da·

1237 1385 1325 1442 tum
1365 1365 1573 1442 Comitibus
1614 1368 1761 1476 l'alatii¹
1785 1369 2009 1468 praestantio-

399 1469 572 1546 honurem
607 1493 721 1542 novae
756 1467 965 1568 dignitatis,
1001 1466 1161 1544 Ludovi·
1192 1491 1221 1561 Β
1249 1467 1727 1642 qqmlocumfinffjudiciie,
1754 1497 1863 1571 quum
1890 1471 2008 1650 epqlem

1231 1579 1235 1598 '
1295 1586 1390 1644 acuto
1423 1595 1532 1644 rueur
1595 1596 1797 1662 cenamus,
1818 1599 1861 1646 an

1250 1596 1581 1768 poldumpipsumt
1616 1597 1805 1746 boematum
1840 1591 2010 1750 nriirmdbi:

1246 1771 1309 1842 lem
1334 1770 1545 1866 Episcopum,
1580 1773 1625 1842 de
1657 1774 1867 1848 Auctionem
1901 1777 2008 1852 cmi·

1248 1891 1310 1942 tem
1335 1871 1486 1946 stabuli.
1513 1876 1646 1948 Verium
1666 1899 1737 1948 non
1758 1875 1841 1952 satis
1866 1876 2008 1954 sirmum

1249 1965 1493 2072 argumentum
1531 1972 1598 2048 hoc
1633 1977 1809 2076 appellate
1844 1978 1934 2054 mihi
1961 1978 2007 2054 li·
2085 1981 2089 1988 '

1247 2090 1346 2165 ceat,
1378 2073 1664 2173 quondoquidem
1691 2076 1731 2154 iu
1755 2095 1926 2156 contextu
1952 2079 2008 2180 ip·

401 1597 484 1646 cum
511 1569 705 1672 Augustum
733 1568 811 1642 silio
839 1567 1001 1664 Augusto
1033 1567 1159 1670 permi-

400 1673 475 1748 sisse
501 1670 601 1747 suum
627 1670 666 1744 in
694 1670 799 1744 Italia
825 1671 979 1743 Comitem
1004 1670 1158 1758 Palatii,

398 1777 541 1876 qualem
573 1775 609 1846 8(
643 1770 717 1874 ipse
750 1770 791 1846 in
828 1770 977 1847 Francia
1010 1769 1048 1845 id
1084 1796 1158 1844 mu·

397 1903 465 1953 nuo
490 1890 712 1952 exercentem
738 1870 907 1947 habebat.
944 1877 1055 1948 Anno
1082 1897 1158 1970 pro·

398 1979 498 2054 xime
523 1973 705 2076 sequenti,
732 1971 799 2048 hoc
818 1973 864 2048 est
888 1976 1159 2050 DCCClleV.

399 2081 539 2154 sublato
565 2082 585 2150 ὲ
611 2074 708 2151 vivis
745 2079 907 2173 Suppone
937 2079 1036 2152 Duce
1072 2079 1154 2173 Spu·

399 2179 494 2268 leti,
528 2175 699 2276 insignem
725 2173 831 2248 illum
858 2179 1036 2252 Ducatum
1062 2174 1157 2250 idem

398 2278 623 2356 Adclbardus
650 2274 779 2351 Palatii
809 2279 942 2352 Comes
968 2275 1157 2378 regendum

1248 2173 1312 2249 sius
1340 2173 1493 2267 Placiti,
1528 2177 1623 2275 quod
1655 2177 1702 2252 esi
1736 2177 1779 2252 ad
1814 2180 2007 2256 auiiorito·

1246 2294 1319 2350 tem
1346 2273 1547 2374 judicandi,
1575 2277 1704 2377 primas
1722 2295 1836 2380 partes
1863 2278 2005 2356 sustiue-

398 2381 573 2484 suscepit3
609 2377 666 2455 sed
694 2377 725 2452 is
754 2377 879 2452 eodem
906 2383 1017 2454 Anno
1046 2377 1159 2453 vitam
1185 2393 1282 2470 cuc
1308 2379 1508 2474 anpoldom
1533 2377 1735 2455 intuemur.
1771 2379 1894 2456 Sed&
1924 2384 2006 2456 lon·

364 2521 369 2530 ·
398 2509 481 2562 cum
508 2497 622 2557 morte
648 2476 824 2554 mutauit.
850 2478 1017 2556 Exarsere
1043 2479 1156 2582 polica

397 2583 627 2663 exsecrabiles
662 2578 916 2654 controversiae
955 2581 1050 2657 inter
1083 2586 1156 2658 Lu·

397 2688 566 2762 donicum
594 2682 720 2774 Pium,
746 2681 782 2754 δι
801 2681 1016 2757 Lotharium
1042 2681 1157 2758 silium

396 2788 643 2890 perduellem:
685 2807 797 2882 eoque
835 2780 958 2858 saltem
1001 2803 1159 2884 tempore

395 2887 586 2966 credendus
611 2885 658 2961 est
683 2881 877 2961 Lotharius
902 2884 1065 2986 adlegisse
1091 2883 1154 2960 sibi

392 2993 435 3067 in
475 2989 580 3068 ltalia
615 2987 714 3063 suum
750 2985 933 3087 proprium
969 2985 1179 3062 Comitem¹

394 3091 552 3168 Palatii.
578 3095 626 3164 Et
644 3089 788 3188 quidem
807 3091 917 3162 Anno
937 3089 1154 3166 Dcccx't.

395 3193 536 3269 Placito
563 3190 702 3266 cuidam
739 3189 778 3264 iu
803 3187 969 3264 Ciuitate
1003 3189 1152 3266 Lucenfi

1247 2505 1289 2580 ge
1314 2494 1396 2552 ante
1430 2476 1591 2554 eumdem
1620 2485 1767 2556 Annum
1800 2480 1924 2558 eadem
1949 2483 2005 2560 di·

1245 2580 1383 2681 gnitate
1408 2578 1588 2656 sruebatur
1612 2580 1706 2656 idem
1734 2585 1938 2682 anpoldas,
1965 2611 2006 2660 u·

1246 2683 1276 2756 ti
1302 2678 1474 2756 constabit
1491 2708 1536 2757 ex
1566 2683 1706 2760 Placito
1724 2685 1826 2762 Anni
1854 2687 2008 2762 DCCC·

1244 2785 1326 2858 Lll.
1361 2797 1423 2858 aut
1457 2785 1657 2860 DCCCLl.
1693 2785 1818 2862 habito
1855 2787 2003 2878 Ticini,

1245 2881 1339 2981 quod
1365 2882 1541 2985 evulgab‘o
1566 2885 1606 2962 in
1634 2885 1813 2965 Dissertat.
1842 2893 1939 2964 xxi.
1963 2894 2004 2962 de
2035 2883 2041 2896 ’

1245 2986 1382 3058 Plocitis
1407 2988 1453 3057 o
1476 2989 1622 3064 nutris.
1659 2991 1694 3064 Is
1728 2989 1782 3067 ibi
1808 2995 2006 3094 appellatur

1245 3087 1432 3184 liutpaldus
1445 3096 1554 3164 Comes
1569 3091 1664 3167 sacri
1675 3095 1823 3170 Palatii.
1845 3097 1887 3168 ln
1904 3099 2006 3171 Prae·

1242 3185 1377 3265 satione
1404 3189 1446 3266 ad
1473 3195 1683 3268 Ermoldum
1711 3195 1898 3297 Nigellum
1931 3196 2005 3296 jam

392 3293 519 3368 habito
553 3289 746 3366 interfuisse
774 3288 986 3389 deprehendi
1022 3291 1152 3366 Mouri-
1182 3301 1217 3371 D
1241 3288 1433 3381 adnotavi,
1451 3291 1624 3393 ejusmodi
1642 3295 1789 3372 uomina
1806 3298 1898 3371 olim
1916 3297 2006 3372 duo·

392 3423 469 3469 num
495 3394 646 3467 Comitem
670 3392 824 3483 Palatii,
852 3407 891 3464 ut
911 3392 1045 3468 Charta
1073 3419 1148 3492 pro·
1194 3481 1197 3488 ¹

392 3495 533 3574 ferenda
567 3495 609 3570 in
649 3493 828 3568 Dissertat.
867 3497 910 3568 ll.
949 3499 991 3566 de
1029 3498 1154 3570 Minoe.

381 3599 501 3695 Juflit.
536 3595 682 3685 Ministt.
719 3593 924 3671 testabitur.
961 3599 1077 3670 Immo
1112 3598 1148 3670 δι

326 3775 330 3784 .
388 3705 501 3776 Anno
527 3701 815 3774 DeccxxxV.
834 3696 909 3794 ejus
933 3695 1070 3772 mentio
1090 3697 1148 3772 lna·

389 3801 501 3875 betur·
517 3799 557 3874 in
586 3798 793 3896 Diplomate
821 3796 1047 3873 Cremoneofi
1074 3799 1148 3874 e'u·

388 3901 484 3978 sdem
508 3898 677 3977 Lothnrii
699 3895 870 3998 Augusti.
898 3897 1063 3974 Fortnslis
1089 3827 1150 3976 bic

388 4029 463 4080 non
488 4001 579 4078 alius
604 4001 674 4078 suit
693 4001 713 4076 i
732 3999 912 4096 Mauringo
929 4001 1052 4074 Gemite
1071 4003 1149 4074 Bri.

389 4106 483 4195 xlae,
517 4131 622 4202 quem
658 4104 759 4206 supra
785 4100 942 4180 vidimus
968 4103 1012 4178 ab
1037 4105 1147 4206 Egin·

386 4205 498 4282 hoedo
524 4226 778 4282 memoratum.

436 4312 515 4400 Jam
542 4312 627 4380 verb
652 4325 752 4381 extra
772 4304 1059 4384 'controversiam
1087 4333 1148 4406 po·

384 4413 489 4488 situm
517 4406 584 4500 esi,
611 4406 673 4482 sub
698 4405 887 4482 Ludovico
915 4413 961 4484 Is.
988 4407 1148 4507 Augusto

311 4547 313 4552 ·
384 4509 554 4590 Lotharii
581 4509 659 4584 filio
695 4505 795 4584 fuisse
830 4506 929 4582 suum
965 4508 1147 4609 proprium

386 4611 568 4691 Comitem
599 4609 728 4686 Palatii
767 4607 894 4681 italico
922 4611 1070 4708 Regno.
1107 4608 1148 4683 ld

386 4715 518 4792 constat
543 4740 586 4788 ex
624 4711 763 4786 Placito
797 4707 974 4804 speiiante
1000 4709 1044 4785 ad
1069 4712 1145 4784 An·

383 4843 470 4892 num
497 4817 712 4890 ucchx.
735 4809 828 4912 quod
856 4811 1041 4912 evulgavit
1063 4813 1146 4886 Cla·

385 4917 460 4994 risc.
485 4915 723 4991 Mabillonius
749 4912 792 4987 de
822 4915 874 4986 Re
903 4911 1148 5011 Diplomatica

385 5020 470 5096 Lib.
507 5025 541 5092 6.
575 5016 699 5091 Chnrt.
739 5039 801 5115 93.
837 5013 872 5086 δι
912 5039 980 5114 ego
1017 5013 1148 5089 iterum

385 5120 465 5196 dedi
492 5117 531 5195 in
557 5115 739 5196 Chronico
773 5113 984 5200 Montllerii
1019 5113 1145 5194 cosan·

1243 3391 1305 3466 bus
1347 3389 1462 3466 modis
1503 3391 1603 3469 fuisse
1644 3396 1892 3488 pronuntiatu,
1932 3397 2004 3472 hoc

1240 3491 1308 3579 esi,
1343 3495 1378 3564 0
1402 3489 1442 3563 in
1468 3495 1505 3564 A
1532 3509 1757 3592 permutato,
1776 3493 1849 3568 =uti
1874 3497 2003 3568 Amol-

1241 3595 1302 3664 dos
1320 3591 1516 3682 Amatam,
1535 3591 1748 3666 Ermenoldua
1765 3599 2001 3675 Ermenrldur.

1242 3692 1375 3770 Eodem
1403 3697 1515 3766 Anno
1544 3697 1764 3772 DCCCLll.
1790 3697 1947 3774 occurrit
1973 3698 2006 3774 i·

1241 3794 1320 3870 dem
1347 3793 1557 3894 liutpoldus
1583 3796 1694 3873 titulo
1720 3801 1856 3873 Comitis
1875 3801 2006 3874 Palatii

1242 3893 1427 3998 insignitus
1462 3899 1554 3997 apud
1597 3897 1808 4000 Ughellium
1844 3900 1885 3977 in
1920 3904 2004 3980 Itala

1242 4003 1333 4074 Sacr.
1369 4001 1478 4074 Tom.
1506 4023 1540 4098 3.
1576 4027 1652 4102 pag.
1687 4026 1747 4099 33.
1783 4001 1820 4076 id
1858 4002 2004 4081 testante

1241 4099 1375 4176 Charta
1406 4098 1588 4202 Rhodingi
1621 4102 1789 4202 Episcopi
1826 4105 2004 4181 Florenti.

1187 4201 1302 4294 Eni,
1343 4198 1473 4320 scripta
1509 4203 1727 4304 temporibus
1762 4203 1930 4282 Letharii
1961 4207 2004 4280 dc·

1242 4300 1421 4379 Ludovici
1462 4305 1510 4376 ΙΙ.
1550 4305 1813 4404 Augustorum,
1852 4306 1892 4382 in
1933 4335 2003 4406 que

1242 4402 1466 4480 constituitur
1489 4401 1674 4478 Abbatisia
1692 4406 1900 4483 Monasterii
1919 4413 2003 4484 San·

1243 4503 1294 4578 bii
1320 4503 1484 4580 Andreae
1514 4511 1616 4578 Berto
1649 4513 1718 4580 Deo
1750 4511 1893 4599 devoto,
1921 4510 2003 4604 filia

1243 4606 1404 4703 Huepoldi
1429 4604 1532 4706 (lege
1557 4609 1718 4706 liutpoldi
1725 4609 1740 4708 )
1776 4612 1911 4684 Comitii
1935 4619 2004 4686 Pa«

1191 4711 1194 4716 '
1241 4707 1336 4783 larii.
1372 4708 1524 4801 ipsemet
1558 4710 1769 4806 Hucpoldus
1795 4711 2003 4788 celebratio.

1242 4806 1279 4881 ni
1319 4807 1583 4884 constitutionis
1624 4810 1725 4888 illius
1764 4811 1928 4888 interfuit
1964 4815 2002 4889 &

1242 4905 1456 5011 subscripfit.
1481 4912 1606 5011 Atque
1624 4912 1705 4989 heic
1724 4913 1874 4990 minime
1893 4915 2005 4991 omit.

1242 5008 1409 5103 tendum,
1444 5013 1487 5086 ab
1523 5017 1720 5110 Anonymo
1755 5015 2003 5112 Epitomatore

1242 5110 1507 5230 Chronicorunq
1531 5113 1775 5194 ⁴Caliucnfium
1804 5117 1928 5292 (cujsus
1954 5123 2006 5216 Oq

1826 5243 1874 5322 ΡΠ
1890 5243 1950 5296 Cli«
