4532 6154
369 405 423 493 81
665 394 1180 492 DISSERTATto
1248 397 1509 518 SEXTA.
1762 417 1846 524 582

279 433 417 616 ejusdem
441 515 661 610 Manaslerii,
696 530 764 589 cum
791 513 860 614 ipsa
886 517 978 613 petia
1002 520 1043 589 de
1077 526 1110 598 A
1139 539 1188 589 ter
1214 516 1318 608 suerit
1351 518 1578 614 adfirmatum,
1615 528 1683 597 Deo
1716 527 1903 622 offerimus,

277 641 388 715 terra,
413 648 494 720 quae
513 620 657 718 superius
680 621 886 692 denominata
911 617 980 711 ιβ,
1006 645 1040 690 u-
1139 639 1179 690 ut
1195 622 1343 716 sequente
1368 649 1401 694 eo
1425 623 1564 696 babeant
1587 627 1742 700 Monacbi
1764 627 1905 722 ejusdem

278 724 313 798 bi
334 723 407 818 sam
430 721 520 798 dibla
545 722 689 803 Basilica
713 721 756 802 ιβ
782 721 951 810 dedicata,
979 742 1041 793 ter·
1139 721 1333 806 Manasierii
1350 725 1396 796 ad
1419 749 1522 796 eorum
1547 723 1635 815 usum
1655 727 1701 797 θ
1717 727 1906 826 sumptum,

278 825 359 896 tiam
381 846 505 922 partem
530 823 669 918 ejusdem
691 825 853 897 Civitatis
871 821 1045 920 segusiae,
1140 824 1185 894 Θ
1201 821 1347 912 firmiter
1365 825 1574 922 poffideant;
1600 827 1641 898 θ’
1656 834 1741 900 Pars
1765 829 1906 925 ejusdem

189 965 199 974 ·
271 924 346 1011 slve
370 930 411 999 de
435 927 505 1020 ejus
538 925 721 1018 territorio,
756 946 880 1024 excepto
911 927 953 998 de
976 931 1039 1000 Ca·
1139 925 1358 1018 Monaslorii,
1385 927 1728 1025 quidquidvoluerit,
1752 931 1879 1021 saciat.

271 1025 366 1118 siro,
400 1030 483 1128 quod
517 1026 605 1119 insta
629 1031 770 1104 eamdem
795 1027 974 1102 Civitatem
999 1026 1043 1115 ιβ
1188 1029 1262 1100 ldeo
1282 1025 1486 1122 judicamus,
1511 1029 1560 1100 Θ
1572 1026 1719 1120 firmiter
1731 1029 1907 1126 jubemus,

275 1151 318 1228 po
332 1153 433 1216 stum,
454 1128 511 1222 seu
528 1130 658 1204 tertiam
677 1151 805 1230 partem
820 1133 864 1202 de
878 1151 947 1203 tota
966 1133 1041 1203 Val-
1138 1131 1283 1202 utnulla
1301 1132 1390 1202 modo
1408 1153 1540 1204 maneat·
1553 1129 1657 1226 ipsum
1672 1133 1905 1222 Monaslerium

280 1233 311 1304 le
335 1230 488 1328 segusia,
522 1256 603 1330 quae
631 1233 719 1328 suris
752 1231 797 1322 ιβ
821 1232 941 1324 nostri,
973 1253 1041 1305 tam
1137 1232 1172 1304 in
1197 1232 1352 1328 regimine
1371 1234 1477 1304 ullius
1494 1232 1669 1331 Episcopi,
1691 1235 1748 1305 vel
1769 1235 1904 1308 oueriu

280 1333 315 1404 in
342 1332 501 1406 montibus
523 1338 620 1430 quim
645 1336 682 1408 in
704 1336 929 1432 planiciebus,
956 1332 1042 1419 sicut
1138 1333 1351 1425 Monaslcrii‚
1374 1361 1429 1408 noc
1446 1336 1590 1408 ullarum
1599 1331 1825 1432 personarum,
1844 1357 1904 1410 aut

279 1433 427 1506 detinent
450 1435 597 1529 mentes,
630 1437 689 1534 qui
710 1439 823 1512 noemi
837 1438 920 1531 sunt
942 1443 1041 1508 Gene-
1073 1443 1107 1515 B
1133 1449 1336 1532 pardonum
1359 1437 1582 1535 imperatoris,
1606 1437 1664 1508 vel
1687 1439 1812 1534 Regis,
1849 1465 1905 1512 nec

280 1536 346 1627 eoi,
372 1536 419 1606 (θ’
442 1535 574 1628 Cinisi,
600 1539 697 1637 usquc
721 1541 755 1614 in
781 1540 974 1612 territorium
998 1539 1043 1611 (θ’
1138 1537 1239 1609 ullius
1268 1539 1442 1637 pessimae,
1466 1538 1527 1631 sed
1552 1539 1680 1637 semper
1701 1537 1750 1624 Jit
1776 1539 1813 1611 in
1837 1539 1905 1613 Dei

272 1636 377 1733 finem
401 1638 442 1710 de
468 1638 579 1733 Villa,
604 1665 686 1738 quae
708 1663 839 1716 enectus
865 1649 976 1740 Vaga.
1002 1645 1042 1713 In
1137 1639 1361 1737 omnipotentis
1379 1643 1590 1737 poteslatem,
1617 1665 1712 1738 quens
1731 1641 1904 1714 decadem

280 1740 357 1812 locis
378 1742 428 1812 U·
454 1741 570 1832 fiendis
594 1748 747 1836 Sereana,
786 1745 882 1834 Ulci,
916 1746 1041 1818 Bardo·
1131 1740 1271 1832 sacimus
1294 1746 1456 1833 heredem,
1480 1743 1529 1813 (θ’
1542 1740 1622 1838 jam
1639 1739 1744 1814 diilao
1764 1740 1904 1817 saeuae

281 1841 392 1933 nesea,
416 1844 499 1918 Sala
516 1846 655 1918 Bertani
670 1847 786 1938 exilio,
812 1849 929 1944 Capud
946 1852 1045 1918 Men·
1136 1843 1335 1932 Trinitatis,
1360 1843 1560 1940 Sanblaeque
1580 1842 1731 1938 Virginis
1748 1843 1902 1935 Μιιίιι,

280 1942 325 2014 tis
349 1943 522 2036 Catienis,
549 1947 752 2040 Mediam,
779 1953 953 2046 Matingo,
982 1951 1043 2020 Fo·
1130 1943 1207 2030 five
1237 1945 1353 2019 Saoili
1379 1945 1558 2018 Mubab'lis
1587 1944 1816 2040 Archangeli,
1845 1943 1903 2036 seu

281 2045 380 2136 reJlo,
406 2049 579 2138 Boroletc,
604 2049 723 2123 sanilo
743 2049 896 2145 Georgio,
922 2048 1045 2142 Canus·
1135 2046 1325 2120 Sanilorum
1356 2046 1450 2119 Petri
1483 2046 1531 2117 (θ’
1554 2046 1661 2117 Pauli
1681 2045 1903 2140 Apostolorum

274 2146 339 2240 so,
366 2145 535 2239 Bresiolo,
559 2149 733 2242 Ruebant,
761 2153 884 2226 Villare
909 2152 1043 2224 Fulcar·
1136 2149 1320 2245 Principis,
1339 2169 1435 2244 atque
1451 2146 1644 2221 Sanilorum
1649 2153 1681 2238 J
1682 2146 1816 2218 ohannis
1834 2152 1905 2220 Ba·
2032 2197 2034 2202 -

280 2247 337 2338 di,
364 2247 410 2318 Θ·
434 2249 470 2320 in
494 2249 619 2323 sanila
641 2254 809 2350 ,asgarbm
835 2278 908 2325 cum
929 2252 1043 2340 Casis,
1066 2291 1067 2296 =
1133 2249 1275 2345 ptislae,
1299 2249 1348 2320 θ’
1369 2250 1448 2322 item
1457 2247 1626 2340 Jcbannis
1647 2243 1903 2344 Evangelistae,

280 2347 458 2446 Capellis,
473 2351 688 2452 universisque
708 2356 824 2450 rebus,
859 2356 974 2448 eisdem
998 2355 1045 2426 10·
1075 2369 1110 2443 C
1137 2379 1192 2424 nec
1216 2378 1280 2424 non
1305 2353 1350 2422 θ’
1374 2349 1489 2424 Sanili
1503 2355 1538 2440 J
1536 2349 1600 2436 usli
1625 2347 1786 2424 Martiris
1807 2349 1904 2422 Cleri·
2034 2407 2037 2414 .

281 2449 326 2523 cis
360 2450 406 2522 Θ·
438 2453 608 2526 territoriis
638 2455 893 2552 pertinentibus.
925 2461 990 2526 Seu
1013 2481 1045 2526 e·
1130 2451 1200 2542 sbi,
1217 2451 1292 2537 sive
1312 2451 1455 2522 amnium
1473 2447 1683 2539 Sanilosum,
1707 2449 1755 2520 Φ
1770 2448 1904 2546 sequen·

280 2551 363 2626 tiam
396 2555 591 2628 concedimus
621 2576 718 2654 atque
748 2559 906 2628 donamus
937 2560 1046 2628 Cortes
1138 2552 1225 2625 tibus
1250 2549 1296 2623 eis
1312 2603 1327 2641 ,
1346 2549 1396 2636 stt
1419 2549 1628 2641 ordinatum,
1647 2548 1737 2636 ficut
1756 2549 1807 2624 hic
1825 2550 1904 2644 sub·

280 2657 362 2726 duas
387 2653 554 2748 integras,
573 2654 648 2741 seve
672 2683 780 2732 earum
811 2658 1045 2754 pertinentias,
1135 2674 1184 2726 ter
1201 2651 1304 2746 suerit
1328 2653 1543 2744 declaratum,
1570 2650 1674 2744 idest,
1697 2671 1736 2724 ut
1758 2653 1903 2750 quandiu

281 2777 363 2849 quae
385 2753 514 2842 vblmesi
542 2758 587 2828 Φ·
611 2759 768 2835 Rubiana
786 2761 1046 2854 summeurae,
1137 2755 1258 2847 omnis,
1282 2755 1343 2826 vel
1364 2780 1447 2826 unus
1471 2782 1513 2826 ea
1534 2755 1623 2827 nobis
1648 2754 1683 2828 in
1708 2754 1763 2826 hoc
1787 2759 1903 2828 Saecu-

282 2857 358 2925 itcm
377 2851 466 2949 jutis
492 2857 590 2947 noslri
602 2912 613 2935 .
643 2861 774 2958 insuper
797 2862 895 2935 etiam
921 2867 1046 2935 Canem
1137 2860 1169 2930 lo
1196 2855 1299 2947 suerit
1331 2856 1429 2947 vita,
1457 2854 1506 2942 lit
1531 2855 1570 2928 in
1602 2856 1729 2946 nostra,
1753 2855 1904 2951 sequente

278 2954 405 3046 aliern,
433 2959 478 3028 Φ·
504 2959 576 3053 ejus
594 2963 815 3058 pertinentia,
842 2987 925 3064 quae
951 2963 1044 3060 Vigor
1140 2964 1207 3034 Dee
1232 2958 1281 3029 θ’
1308 2956 1465 3056 praesatis
1492 2955 1623 3030 Sanilis
1655 2955 1748 3050 esus,
1774 2955 1905 3053 regimi-

282 3059 362 3128 done
393 3056 437 3146 ιβ
470 3083 687 3160 nuncupata,·
719 3086 816 3164 atque
845 3064 1045 3138 medietatem
1139 3087 1207 3133 na.
1241 3059 1317 3146 Poll
1339 3063 1415 3132 verb
1440 3059 1581 3132 omnium
1612 3055 1782 3146 nosbrorum
1805 3055 1906 3150 doces

282 3161 324 3229 de
347 3162 442 3232 Corte
465 3163 595 3256 altera,
631 3167 677 3239 <9⁹
709 3168 750 3238 de
782 3164 853 3260 ejas
882 3167 1043 3266 pormnen·
1132 3162 1227 3257 sum,
1245 3159 1281 3247 β
1296 3157 1393 3252 filius
1422 3160 1614 3254 masculinus
1638 3187 1680 3232 ιι
1700 3158 1803 3248 noslre
1835 3185 1907 3234 con·

282 3259 363 3352 tiis,
389 3289 449 3360 que
475 3265 626 3340 Volveria
649 3267 693 3356 ιβ
717 3269 902 3368 appellata,
922 3267 1043 3356 stmili·
1079 3295 1114 3364 D
1136 3263 1228 3362 sugis
1250 3287 1354 3334 eorum
1368 3259 1469 3358 supra
1486 3261 1615 3376 jugales
1632 3261 1736 3352 suerit
1756 3258 1906 3351 reliblus,

280 3381 331 3434 ter
350 3361 439 3457 suris
464 3365 561 3452 nostri
572 3395 590 3438 .·
622 3369 755 3460 monia,
790 3391 872 3468 quac
898 3370 1046 3468 superius
1133 3364 1182 3451 sit
1210 3385 1359 3438 manente
1389 3385 1468 3436 nato
1494 3365 1601 3463 gratis
1633 3365 1777 3438 dandum
1806 3361 1907 3460 ipsum

241 3557 245 3561 .
281 3461 431 3536 habemus
466 3467 691 3561 denominata,
725 3470 810 3557 sicut
847 3472 1049 3544 continentur
1142 3466 1419 3556 ordinamentum,
1442 3466 1498 3538 hoe
1530 3465 1575 3554 ιβ
1598 3468 1776 3544 abbatem,
1796 3463 1907 3550 confli-

282 3564 320 3637 in
339 3565 552 3658 sediminibus
577 3571 621 3642 θ
647 3573 681 3644 io
706 3573 842 3664 vineis,
871 3599 940 3646 cum
965 3577 1049 3647 areis
1143 3572 1321 3660 tuendum,
1345 3568 1390 3638 (ν’
1417 3565 1488 3665 posi
1516 3567 1652 3666 priorem
1686 3566 1722 3638 in
1745 3565 1907 3658 secundo,

277 3665 433 3756 smmi
458 3670 552 3740 terris
568 3673 766 3763 arabilibus,
789 3677 954 3772 Capellis,
970 3697 1046 3772 pra·
1144 3671 1189 3742 θ
1210 3669 1281 3768 posi
1296 3669 1470 3762 senodum
1492 3669 1527 3742 in
1552 3669 1668 3760 tertio,
1691 3667 1737 3738 θ’
1752 3664 1802 3752 fic
1825 3686 1910 3736 unus

284 3764 351 3858 tis,
389 3767 518 3862 gerbis,
555 3771 706 3866 pascuis,
738 3772 839 3859 silvis
875 3774 1049 3871 majoribus
1140 3770 1209 3870 pasl
1241 3772 1379 3846 arm
1410 3770 1544 3868 recipias
1575 3769 1677 3867 ipsium
1710 3766 1910 3841 ordinamen-

285 3891 323 3938 ιι
344 3865 539 3961 minoribus,
565 3897 633 3942 oum
650 3873 734 3946 areis
751 3874 906 3967 suarum,
932 3879 1048 3950 molen·
1145 3895 1238 3947 tum.
1272 3873 1315 3945 Si
1335 3878 1413 3945 verb
1435 3872 1597 3964 desuerint
1613 3869 1690 3964 silii
1705 3867 1880 3960 ‘masculini
1888 3893 1911 3956 ,·

285 3965 398 4060 dinis,
419 3967 668 4066 piscationibus,
694 3974 843 4071 alpibus,
867 3977 971 4074 ripis,
998 4005 1048 4050 ru·
1147 3975 1193 4044 θ
1216 3991 1360 4068 nepotes,
1385 3975 1443 4043 vel
1461 3992 1644 4068 pronepotes
1663 3969 1818 4055 similiter
1842 3995 1910 4042 ma·

283 4068 397 4164 pinis,
422 4098 461 4143 ιι
480 4074 681 4169 paludibus,
707 4074 803 4148 cultis
828 4076 874 4147 θ’
898 4077 1051 4172 incultis,
1140 4073 1259 4168 seulini
1283 4069 1387 4145 relibli
1405 4071 1529 4162 suerint
1553 4099 1593 4144 esc
1616 4071 1717 4160 noslro
1736 4097 1842 4146 eorum
1854 4068 1912 4162 su·

285 4170 405 4257 divisis
430 4173 476 4244 θ’
501 4175 678 4270 indivists,
713 4203 781 4252 una
813 4203 883 4252 sum
915 4181 1049 4275 accessio·
1144 4197 1207 4274 pra
1220 4171 1384 4272 jugalium
1405 4170 1572 4270 conjugio,
1584 4173 1669 4260 ficut
1685 4174 1726 4244 de
1741 4171 1832 4266 filiis
1842 4169 1912 4261 sla·

287 4272 404 4366 nibus,
432 4271 491 4367 seu
508 4275 657 4370 finibus,
683 4279 893 4372 terminibus,
918 4282 964 4354 Ο·
987 4280 1054 4379 ιβ.1
1087 4244 1118 4313 E
1147 4295 1253 4350 tutum
1276 4274 1445 4363 babemus,
1469 4273 1517 4348 ita
1543 4276 1589 4348 Θ
1612 4273 1732 4366 lisdem
1757 4273 1851 4370 usque
1876 4271 1911 4342 in

287 4375 346 4445 bus
365 4402 542 4472 aquenum,
560 4405 774 4480 aquarumque
787 4381 983 4467 decursibus.
1003 4387 1054 4456 Et
1148 4377 1295 4478 quintum
1312 4376 1494 4474 geniculum
1515 4377 1718 4468 ordinamus,
1740 4395 1779 4446 ¹⁴²
1792 4375 1913 4469 [ΜΝ

284 4473 332 4562 ‘tsl
356 4475 428 4571 ipsa
461 4504 509 4551 res
536 4481 633 4579 super
656 4503 757 4556 tomen
786 4505 847 4582 per
879 4485 1054 4579 mensnram
1145 4481 1202 4577 qui
1225 4476 1329 4572 major
1351 4477 1451 4569 suerit
1475 4506 1513 4551 ecc
1547 4480 1697 4568 natione,
1722 4477 1838 4548 babeat
1863 4473 1912 4570 ip·

282 4572 405 4672 bullam
435 4576 553 4678 jugera
587 4585 765 4680 quindecim
800 4585 922 4676 milia,
958 4586 1056 4673 &ss
1139 4583 1213 4676 sam
1237 4581 1487 4655 ordinationem.
1515 4578 1664 4676 „Quodst
1688 4574 1846 4668 desuerint
1865 4571 1912 4665 fi·

284 4695 400 4776 parem
417 4681 474 4752 vel
488 4683 664 4757 maximum
680 4685 799 4780 bc'sdem
819 4688 970 4786 partibus
983 4709 1054 4786 per·
1145 4685 1187 4756 lii
1212 4681 1401 4775 masculini,
1416 4681 1492 4768 five
1517 4702 1640 4779 nepotes
1667 4679 1713 4748 Θ·
1735 4696 1913 4772 pronepotes

288 4779 468 4854 sinentibus
492 4783 660 4858 inventum
679 4786 806 4880 suerit,
832 4793 928 4888 quim
951 4811 987 4862 ut
999 4786 1053 4882 sn·
1146 4783 1285 4880 ejusdem
1312 4783 1430 4877 stult,
1458 4805 1532 4856 tunc
1553 4781 1760 4876 saltamus,
1785 4798 1824 4850 ¹¹⁸
1855 4803 1912 4849 ω·

285 4904 349 4980 pra
373 4883 517 4977 mensura
541 4881 687 4984 legitur,
724 4889 760 4961 in
785 4890 875 4983 usum
903 4891 949 4962 θ’
974 4891 1055 4976 sum·
1146 4887 1218 4960 niat
1244 4889 1289 4958 0·
1306 4884 1356 4971 stt
1380 4885 1415 4960 in
1434 4884 1585 4976 filiarum
1611 4880 1785 4969 nostrarum
1810 4904 1913 4954 eorum

284 5002 377 5079 ptum
400 4986 562 5082 proediiii
586 4989 743 5064 Monachi
769 4991 907 5085 eiusdem
933 4997 1052 5066 Mona·
1139 4989 1240 5084 supra
1261 4985 1448 5084 iugalium,
1476 4987 1519 5058 <b
1547 4988 1580 5058 in
1606 4984 1718 5056 liberos
1744 4981 1911 5072 masculini

280 5083 375 5171 slerii
399 5089 542 5162 ordinati
561 5088 609 5178 sit
633 5088 828 5186 concessum·
850 5095 896 5165 (θ’
915 5115 977 5190 per
998 5095 1052 5168 boc
1144 5115 1252 5164 earum
1273 5089 1425 5188 potestate
1449 5089 1556 5161 dando
1575 5084 1756 5184 praefatum
1781 5082 1911 5155 ordino·

289 5185 520 5278 Testamentum
542 5195 579 5270 in
611 5221 645 5270 eo
675 5198 785 5294 modo,
804 5193 889 5287 ficut
912 5197 964 5274 bic
978 5197 1075 5294 sub-s
1124 5209 1302 5369 ιιιιιιὸιι,
1327 5217 1390 5264 ιιι
1414 5191 1460 5268 od
1482 5215 1585 5266 omnes
1605 5186 1808 5289 aquaticos
1826 5180 1910 5276 lm·

1273 5319 1297 5369 ο
1349 5315 1372 5368 ι
1799 5306 1859 5386 per
