4628 6148
365 446 452 578 τος

651 453 1168 546 orssanrnrro
1230 453 1575 570 nonnata.

1776 469 1865 552 eoa
1918 593 1922 598 Ι

301 584 366 660 nili
394 583 463 656 alia
490 581 552 656 lux
579 579 766 678 affulgeat,
793 573 962 648 Tronnriis
986 574 1064 648 nul·
1094 575 1127 648 A
1158 570 1260 646 milii
1299 571 1513 672 dignitatem
1553 572 1650 648 suam
1692 573 1883 650 tuebantur
1902 583 1920 668 J,

302 691 359 766 lus
385 684 465 760 heic
490 683 559 762 crit
586 708 645 782 per
671 679 727 752 m'c
754 682 853 756 locus
880 675 975 748 inter
1000 671 1062 746 of.

304 789 387 868 ficia
421 785 546 860 domus
582 778 803 881 Augustalis.
846 777 1065 850 Camerarium

302 917 415 981 nero,
450 887 514 986 qui
549 893 713 958 Gamerae·
735 879 793 956 seu
820 877 922 954 Fisco
950 876 1064 978 Regio

303 991 492 1096 praeeffet,
519 983 776 1062 consueverunt
802 980 929 1056 babere
957 983 1063 1053 Fran·

302 1118 425 1172 eorum
454 1094 588 1186 Reges3
617 1085 671 1161 uti
698 1086 732 1158 dr
758 1082 946 1170 Domesticos
968 1105 1064 1156 com·

302 1200 442 1298 plures,
467 1191 502 1262 δι
529 1185 809 1277 mulierarium,
835 1208 930 1258 nunc
955 1189 1060 1278 ‚Quar-

301 1292 527 1381 ner-Mastro,
567 1289 631 1388 qui
666 1282 945 1362 manfioueeieu
966 1281 1065 1358 aedes

188 1431 192 1437 ·
298 1393 488 1472 itineranti
516 1391 605 1490 Regi
642 1389 810 1488 parabat.
846 1384 1066 1470 cubicularios

1155 673 1211 750 led
1230 677 1265 747 δι
1284 672 1474 774 Episcopi,
1500 679 1640 766 Duces,
1666 673 1919 767 Manebiones,

1154 780 1189 852 dt
1216 775 1403 868 Comites,
1436 773 1564 872 quibus
1592 779 1790 876 complures
1816 799 1918 856 erant

1155 876 1275 969 Valli,
1311 880 1487 967 Ramnes,
1527 902 1567 950 ac
1602 876 1817 956 famulorum
1854 909 1920 958 nu·

1156 978 1290 1056 morosa
1325 979 1473 1071 cohors,
1514 975 1658 1078 fingulls
1701 979 1919 1062 certantibus

1152 1082 1194 1162 in
1220 1077 1520 1164 honoredomini
1547 1077 1623 1170 sui,
1649 1076 1719 1154 slve
1744 1083 1917 1177 Nobiles,

1155 1182 1224 1260 five
1250 1180 1450 1282 ignobiles,
1476 1177 1548 1256 five
1573 1180 1720 1272 Liberi,
1748 1180 1818 1264 stne
1842 1190 1919 1264 Ser.

1157 1285 1214 1361 vi.
1241 1283 1309 1361 Uti
1335 1280 1578 1386 Liutpraodus
1597 1280 1636 1358 io
1656 1283 1814 1362 Historia
1834 1286 1918 1364 Lib.

1157 1413 1190 1464 a.
1218 1391 1316 1488 Cap·
1337 1411 1394 1463 ιο.
1414 1384 1607 1470 memoriae
1633 1385 1814 1486 prodidit:
1843 1393 1920 1468 Lu.

302 1489 775 1594 quoqueadcullodiendum
798 1483 1059 1586 PrincipisCu·
1099 1511 1126 1581 Β
1155 1489 1303 1564 donicus
1333 1493 1399 1564 111.
1437 1493 1635 1588 Imperator
1670 1487 1815 1566 circiter
1840 1495 1920 1572 Aa.

303 1598 462 1672 biculum
498 1593 709 1692 destinatos3
746 1593 781 1664 δι
816 1588 1063 1676 auricularios,

303 1697 373 1772 stne
397 1703 420 1772 d
442 1696 588 1787 ferreris,
625 1719 775 1794 quorum
812 1717 939 1768 munus
968 1689 1062 1764 idem

303 1826 382 1876 cum
401 1797 659 1882 Confilian'ornm
683 1793 783 1869 fuiffc
802 1792 962 1868 videtur.
987 1793 1061 1866 Ho-

300 1925 379 1978 rum
407 1899 551 1999 vestigia
586 1897 743 1986 nondum
780 1894 892 1995 reperi
929 1893 967 1972 in
995 1896 1060 1964 Ita·

302 2000 384 2078 licis
406 2000 666 2076 monumentis.
685 1997 873 2083 Constiiarr'i
888 1999 972 2068 verb
988 1996 1059 2068 Au·

302 2103 538 2206 gustatum&
572 2107 706 2200 Regum
739 2095 838 2199 saepe
867 2119 1057 2170 memoran-

302 2225 359 2278 tur
386 2203 564 2284 incorum
587 2200 805 2300 Diplomatis
825 2199 883 2272 vel
911 2196 971 2274 sub
992 2199 1058 2267 Im·

301 2303 520 2408 praetoribus
548 2301 750 2402 Francicis;
788 2320 894 2399 atque
921 2299 957 2371 id
986 2323 1057 2370 mu·

1158 1618 1241 1664 num
1268 1591 1399 1666 christi
1428 1593 1608 1665 DCCCC.
1636 1590 1758 1663 Exiens
1784 1595 1917 1690 Papiri,

1152 1692 1360 1790 proficiscitur
1385 1701 1526 1781 Lucam,
1554 1693 1610 1768 ndi
1634 1701 1799 1785 decenter,
1826 1699 1919 1766 miro.

1154 1821 1213 1893 que
1243 1795 1367 1894 parnen'
1386 1798 1428 1869 ab
1460 1793 1639 1872 Aderam
1665 1792 1792 1889 (Duce
1818 1797 1917 1872 vide.

1155 1898 1241 1971 licet
1268 1924 1307 1970 ac
1334 1895 1546 1972 Marcbione
1572 1892 1751 1995 Tusciae)
1783 1898 1918 1996 suscipi·

1154 2020 1227 2071 rur.
1260 2005 1432 2098 'Quumque
1466 1997 1649 2072 Lndovicos
1683 1998 1718 2070 irr
1748 2000 1838 2072 domo
1863 2010 1917 2074 A·

1152 2103 1286 2174 delberti
1310 2123 1357 2173 rer
1386 2100 1528 2175 miiitum
1561 2100 1719 2194 elegantes
1741 2097 1844 2196 adeffe
1868 2129 1915 2174 ce·

1151 2203 1224 2300 pias
1249 2221 1404 2292 cernerer,
1430 2219 1558 2274 rnnrnrn
1582 2199 1681 2269 etiarn
1698 2199 1915 2295 dignitatem,

1154 2324 1258 2401 torque
1284 2303 1439 2401 impensas
1461 2300 1671 2399 prospiceret,
1696 2299 1845 2374 invidiae
1863 2331 1916 2395 qe.

295 2407 392 2484 ueris
411 2403 630 2480 deferebatur
649 2403 898 2478 tantummodo
917 2397 1058 2497 Episco·
1092 2421 1122 2490 c
1153 2403 1312 2477 lutatius
1339 2404 1413 2498 Jnis
1445 2403 1623 2476 clanculum
1658 2399 1762 2492 infir:
1788 2457 1814 2494 ‚,
1839 2405 1912 2478 Hi'c

299 2508 375 2610 pis,
402 2507 635 2600 Comitibus,
671 2503 806 2596 Vaisrs,
843 2499 991 2598 aliisque
1016 2499 1059 2574 il·

300 2609 461 2688 lustribus
488 2608 597 2684 viris.
633 2605 730 2707 Ipsos
758 2610 841 2680 verb
874 2600 980 2696 Vnffos
1005 2600 1055 2674 in·

299 2727 354 2788 ter
381 2711 511 2787 Officia
539 2710 665 2787 domus
702 2708 833 2808 Regiae
869 2729 1051 2780 connume-

300 2833 395 2888 ratos
422 2811 549 2904 soille,
583 2810 676 2888 infra
711 2811 887 2886 ostendam
914 2808 953 2880 in
982 2803 1068 2878 Ditl·

300 2913 416 2990 sertat.
436 2916 479 2987 X.
497 2913 537 2983 de
555 2913 666 2984 minor.
683 2918 715 3002 J
717 2913 775 2998 nst.
795 2907 940 2994 Minissr.
959 2908 1056 3004 quip-

1153 2510 1283 2599 „Rex
1317 2503 1456 2623 po'tius·
1471 2529 1578 2604 quam
1612 2501 1780 2621 Marchio
1815 2524 1914 2624 pote.

1154 2661 1180 2802 ζζ
1205 2605 1831 2800 biralli,inillam
1847 2633 1914 2783 ¹:33:

1153 2867 1179 2901 „
1206 2811 1359 2902 mine,‚.
1396 2815 1508 2885 Erant
1533 2826 1652 2884 autem
1690 2808 1913 2911 Principibus
2039 2897 2040 2902 ,

1152 2911 1409 2988 Beneventanis
1437 2910 1640 3011 Dignitates
1658 2909 1827 3008 quaedam
1851 2917 1914 2986 Pa·

301 3040 344 3114 pe
369 3037 513 3089 munere
539 3009 606 3085 illo
634 3011 839 3108 plerumque
874 3007 903 3081 ii
939 3005 1055 3106 funge·
1153 3012 1312 3104 latinae,
1346 3035 1495 3110 quarum
1532 3008 1677 3084 nomina
1706 3029 1767 3084 aut
1793 3013 1812 3082 i
1841 3016 1911 3090 La.

208 3137 209 3142 ’
301 3115 452 3204 bantur,
477 3138 550 3209 quo
576 3137 671 3184 nunc
698 3111 870 3201 Nobiles,
896 3109 1055 3182 Genriino·
1152 3112 1333 3204 tinorum,
1369 3132 1430 3188 aut
1456 3114 1476 3185 i
1506 3115 1722 3188 Graecorum
1758 3115 1911 3214 Impera.

300 3216 383 3288 mini
418 3211 612 3314 appellati.
649 3216 781 3287 Eorum
824 3235 950 3308 nempe
987 3227 1059 3283 erat
1154 3234 1269 3290 torum
1291 3215 1385 3290 Aula
1411 3213 1566 3288 mutuati
1590 3211 1750 3305 fuerant,
1777 3215 1831 3290 uri
1852 3224 1912 3291 Cn-
1977 3238 1985 3246 ·

301 3315 447 3392 honoris
473 3313 589 3388 caulsi
624 3312 663 3387 iu
693 3311 852 3400 Palatio,
889 3330 995 3410 atque
1022 3309 1058 3384 in
1093 3325 1122 3391 D
1152 3316 1241 3388 miris
1265 3316 1414 3406 Palatii,
1441 3315 1694 3412 Prorospararii,
1720 3318 1912 3413 Gallaldii,

302 3417 449 3494 Placitis
477 3414 605 3495 adstare
632 3433 694 3488 aut
713 3412 854 3489 allidere
873 3411 1058 3512 principi,
1151 3417 1346 3514 Topoeere'ri,
1372 3417 1541 3506 Ferrarii,
1576 3417 1807 3510 Thesaurarii,
1844 3423 1913 3494 Re·

299 3546 339 3596 ac
366 3519 411 3594 in
431 3518 505 3618 ejus
532 3514 707 3592 comitiva
734 3516 829 3607 elle,
868 3517 925 3590 vel
950 3540 1058 3614 quum
1150 3518 1345 3609 serendnrii,
1386 3517 1598 3607 Antonini,
1639 3517 1809 3610 Vestiarii,
1855 3525 1913 3598 vel

299 3623 405 3722 longa
427 3620 557 3696 itinera
584 3616 813 3716 suscipiebat.
841 3624 983 3692 Berones
1001 3643 1051 3692 au·
1154 3620 1345 3710 Vejiararii,
1373 3619 1589 3710 Vicednnrini,
1623 3619 1817 3710 Pincernae,
1844 3629 1913 3696 Ba.

299 3741 372 3798 tem
412 3721 556 3796 vetustis
591 3721 637 3796 iis
673 3719 828 3794 Saeculis
863 3716 1057 3817 nuncupati
1147 3721 1236 3807 filici
1246 3777 1256 3811 ,
1283 3721 1484 3812 Candidati,
1509 3719 1676 3816 stratigi,
1711 3719 1852 3819 aliaque
1877 3748 1913 3800 e·

297 3821 520 3922 reperiuntur
545 3847 653 3916 quum
680 3823 765 3916 Vaffi
790 3819 876 3922 ipfi,
903 3839 980 3896 tum
1007 3845 1056 3894 re·
1154 3821 1303 3914 iulmodi
1330 3849 1494 3898 munera.
1529 3824 1585 3896 Ita
1609 3819 1673 3921 ipsr
1709 3847 1851 3923 quoque
1878 3829 1911 3900 Ι.

230 3941 234 3950 “
298 3924 391 4024 liqui
429 3923 599 4022 primores
632 3924 768 4021 Regni:
806 3949 895 4020 quae
921 3949 994 3998 vox
1021 3921 1057 3994 in
1151 3923 1259 3999 taliae
1285 3923 1467 4024 Principes
1495 3924 1668 4024 jamtum
1696 3949 1777 4000 cum
1807 3925 1912 4028 Regi·

298 4022 513 4113 Germania,
531 4047 571 4096 ac
587 4025 710 4122 Regno
727 4027 968 4124 Neapolitano
986 4049 1057 4122 per·
1152 4026 1214 4098 bus
1241 4023 1506 4123 magnificentib
1540 4024 1746 4100 certabant.
1784 4031 1910 4128 Neque

297 4129 425 4204 durat.
461 4121 645 4222 Ejusmodi
677 4151 818 4224 quoque
844 4123 958 4201 Vaffis
994 4127 1056 4198 Be·
1153 4124 1285 4200 minori
1321 4125 1449 4224 pompd
1475 4127 1608 4200 Aulam
1643 4122 1739 4200 suam
1768 4127 1911 4208 decora·

297 4227 425 4308 uelieia
445 4224 521 4308 ,live
548 4223 665 4298 Feuda
699 4227 878 4304 interdum
903 4225 1055 4302 consere·
1092 4253 1122 4323 Ε
1152 4246 1225 4301 tam
1254 4225 1373 4300 voluit
1408 4225 1469 4300 sub
1498 4224 1646 4301 initium
1682 4231 1818 4304 Saeculi
1848 4235 1910 4308 XI.

298 4324 669 4424 bantur-,quibuscum
688 4344 762 4400 erat
781 4353 979 4404 connexum
995 4326 1057 4400 of·
1155 4325 1362 4402 Bonifacius
1398 4326 1588 4420 Morchio,
1623 4329 1817 4406 Mathildis
1840 4337 1912 4408 Co·

299 4429 422 4506 ficium
453 4429 620 4526 aliquod,
658 4447 741 4528 puta
769 4431 964 4522 Pineernee,
1002 4435 1056 4499 Ve·
1153 4429 1304 4503 mitilsae
1331 4428 1443 4528 polleo
1471 4448 1591 4528 patet,
1626 4433 1798 4508 Mantuae
1824 4451 1909 4508 tunc

299 4532 441 4619 narnis,
469 4531 691 4622 cubicularii,
727 4532 870 4623 cursoris
895 4532 965 4604 cre.
992 4529 1054 4602 vi·
1107 4573 1111 4580 ·
1148 4533 1182 4606 dt
1211 4531 1388 4606 Ferrariae
1407 4529 1614 4608 dominans.
1642 4531 1800 4629 Accipe,
1821 4558 1909 4628 quae

295 4631 405 4710 dein
434 4629 611 4706 Differtat.
640 4637 701 4706 XI.
727 4635 961 4725 eremitoriis,
996 4627 1056 4706 sub
1092 4632 1093 4635 ’
1148 4631 1273 4707 babeat
1298 4631 1439 4706 Aubioc
1464 4631 1573 4722 Vitae
1607 4632 1726 4708 saneti
1764 4637 1909 4726 Symeo-

295 4753 386 4836 quot
412 4730 531 4806 titulis
557 4731 615 4806 sua
643 4733 758 4807 Feuda
786 4735 993 4835 elargiretur
1018 4757 1054 4806 ο-
1148 4735 1203 4808 nis
1243 4733 1446 4824 Eremitae,
1487 4753 1573 4808 tunc
1613 4730 1652 4807 in
1689 4733 1908 4810 Monasterio

294 4839 361 4928 lim
390 4831 593 4911 Patriarclaa
621 4835 882 4932 Aquilejenfis,
910 4861 1055 4936 magnae
1148 4832 1408 4912 Padolirouensr
1444 4833 1637 4908 Mantuani
1667 4832 1742 4933 agri
1778 4831 1906 4934 degeo.

294 4937 384 5012 olim
422 4935 662 5032 potentiae&
693 4935 917 5022 audieritatis
954 4936 1050 5010 Prin·
1146 4935 1213 5024 tis,
1241 4935 1332 5032 apud
1359 4934 1742 5010 Mobillonium‘l’art.
1771 4937 1798 5009 1.
1823 4941 1906 5011 Sne·

293 5063 396 5136 ceps.
431 5043 557 5134 Neque
584 5037 679 5112 enim
717 5041 828 5138 Reges
855 5055 992 5114 tanturn
1015 5063 1055 5110 ac
1143 5038 1216 5114 culi
1245 5041 1309 5110 VI.
1337 5035 1581 5112 Benedibiini.
1607 5039 1794 5110 Mantuam
1826 5063 1905 5136 pro·

292 5139 527 5240 imperatores
562 5137 743 5239 splendidi
770 5140 967 5216 aulicorum
1003 5137 1065 5212 fa·¹
1139 5139 1251 5216 fertus
1276 5137 1390 5228 fuerat
1415 5137 1562 5212 Senibus
1586 5137 1771 5229 Eremita,
1788 5144 1792 5151 '
1807 5135 1904 5214 inni.

1754 5237 1852 5350 leodi
