4622 6140
497 399 587 486 ⁴175

800 365 1195 487 ANTtoutT.
1252 358 1480 451 uuor]
1533 361 1707 454 Anu!

1915 363 1999 484 17'6
2088 365 2091 371 ⁷

441 487 595 562 Domini
622 483 729 562 nostri
755 485 833 577 Jesu
860 487 1014 578 Christi,
1041 485 1104 584 qui
1124 511 1205 561 cum
1235 487 1270 558 A
1301 481 1438 582 Accipe
1457 485 1639 582 Sceptrum
1660 483 1795 590 Regiae·
1809 483 1988 586 potestatis
2004 483 2062 560 int

442 587 547 664 Patre
573 587 612 662 in
641 588 836 668 unitates
861 588 965 662 initus
1001 585 1121 664 sonui
1148 587 1201 662 vi.

441 690 499 764 vit
526 692 562 766 ἀ
598 710 721 793 regnat
756 692 796 764 in
834 617 947 762 iscula
983 688 1204 764 seculorum.

441 793 583 867 Amen.
603 794 713 865 Oratio
725 790 796 889 post
813 793 991 864 Gladium:
1009 795 1124 884 Deus,
1144 793 1206 894 qui

441 893 666 994 providentii
691 895 751 968 tut
776 893 933 968 caelellia
958 892 1058 968 stmul
1083 895 1118 967 δι
1139 913 1205 969 ter·

440 1021 523 1069 rena
551 993 770 1088 moderaris,
808 994 1001 1097 propitiare
1036 993 1203 1071 Christia-

440 1093 583 1170 niffimo
611 1096 702 1198 Regi
738 1095 876 1188 nostro,
912 1113 951 1171 ut
988 1096 1108 1172 omnis
1141 1097 1204 1172 ho·

440 1198 543 1274 stium
581 1196 723 1272 suorum
758 1197 934 1273 fortitudo
959 1197 1095 1275 uirtute
1120 1203 1202 1275 Gla·

439 1301 494 1376 dii
521 1297 755 1401 spiritualiter
770 1298 983 1400 ‚frangatnn
1010 1317 1115 1400 atque
1143 1329 1206 1400 pro

1299 582 1414 682 signe,
1444 583 1581 684 virgam
1608 585 1743 663 scilicet
1764 587 1897 666 ceilam
1923 585 2064 688 Regni,

1302 688 1438 786 virgam
1467 684 1637 779 virtutis,
1673 715 1740 787 qua
1766 711 1802 765 te
1827 689 1941 792 ipsum
1973 689 2063 764 bene

1299 815 1418 889 regas,
1447 787 1601 863 santiam
1628 789 1839 884 Ecclesiam,
1867 794 2063 894 Populum·

1299 918 1367 991 que
1407 890 1649 968 Christianum
1686 891 1756 966 tibi
1790 894 1810 967 l
1846 899 1923 969 Deo
1964 918 2064 968 com·

1300 991 1440 1068 millum
1484 994 1595 1095 Regia
1636 993 1772 1070 virtute
1806 994 1850 1068 ab
1888 994 2062 1096 improbis

1300 1094 1486 1188 defendas,
1514 1123 1641 1196 prauos
1667 1095 1845 1198 corrigas,
1871 1095 1982 1171 reuos
2004 1123 2064 1198 pa·

1301 1193 1447 1290 cilices,
1487 1199 1523 1274 dr
1562 1217 1603 1274 ut
1638 1198 1736 1273 viam
1771 1195 1908 1273 restam
1945 1215 2064 1274 tenere

1301 1297 1453 1399 poffint,
1478 1318 1543 1375 tuo
1571 1300 1753 1401 juvamine
1778 1299 1912 1401 dirigas
1926 1323 1941 1400 3
1978 1327 2063 1399 qua.

440 1401 509 1477 illo
528 1419 708 1504 pugnante
728 1401 868 1503 penitus
888 1419 1111 1482 conteratur.
1140 1408 1205 1480 Per
1236 1415 1264 1487 Β
1299 1420 1400 1477 tenus
1427 1401 1470 1478 de
1497 1402 1688 1522 temporali
1724 1407 1848 1502 Regno
1874 1401 1917 1476 ad
1953 1419 2063 1478 aeter·

442 1503 622 1581 Christum
647 1505 717 1580 dcc.

491 1608 580 1680 Hinc
613 1627 789 1682 coronetur.
826 1613 917 1682 Tune
950 1609 1207 1683 osochidiaconut

422 1709 576 1807 ¹corripiat
601 1716 757 1783 Coronam
777 1712 817 1782 de
835 1712 955 1786 attan
971 1711 1087 1786 Sanni
1104 1717 1204 1784 Mau·

441 1811 513 1882 titii
523 1867 535 1902 ,
561 1813 768 1910 &porrigat
787 1813 925 1892 Domino
943 1819 1071 1908 Papae.
1095 1820 1204 1910 Quam

440 1939 537 2014 quum
562 1915 721 1988 Dominus
754 1920 848 2010 Papa
880 1915 1017 2011 posuerit
1036 1915 1132 2012 supet
1157 1941 1206 1988 ta·

437 2035 500 2114 put
525 2015 656 2105 Eleus,
681 2017 776 2098 dicat¹
795 2016 877 2086 hanc
902 2015 1107 2088 Orationem:
1132 2019 1204 2090 Ac·

440 2116 521 2204 cipe
557 2111 692 2215 fignum
727 2113 863 2214 gloriae
889 2114 937 2188 *in
964 2117 1110 2192 nomine
1140 2120 1203 2192 Pa·

442 2215 569 2293 tris&
606 2214 756 2292 Filii&
792 2215 944 2314 Spiritus
979 2217 1128 2323 Saniti3
1166 2238 1207 2295 ut

1298 1529 1383 1578 num
1411 1530 1596 1604 pervenis,
1632 1503 1708 1605 ipso
1745 1506 1964 1604 adjuvante,
2001 1531 2060 1580 cu·

1298 1605 1352 1707 jus
1389 1610 1551 1706 Regnum
1577 1610 1613 1680 se
1649 1607 1843 1707 Imperium
1882 1604 1953 1682 fine
1989 1604 2059 1684 fine

1300 1727 1500 1808 permaneat
1526 1707 1565 1781 in
1601 1708 1715 1783 leeula
1750 1707 1973 1784 seculorum.
2008 1712 2059 1785 A·

1301 1835 1402 1883 men.
1428 1810 1538 1881 Oratio
1553 1811 1620 1906 posi
1637 1813 1749 1885 datum
1767 1816 1794 1882 S
1793 1831 1929 1908 ceptrum
1937 1838 1953 1882 .·
1972 1815 2058 1886 Om-

1296 1910 1400 1991 nium
1437 1912 1592 1986 Domine
1628 1907 1707 1984 fons
1744 1913 1940 2002 bonorum,
1976 1939 2057 1989 cun·

1299 2011 1508 2113 &iocumque
1521 2017 1614 2087 Deus
1626 2012 2057 2113 institutorprofeiluum,

1301 2113 1439 2206 tribue,
1475 2113 1704 2211 quaesumus,
1740 2113 1877 2190 famulo
1912 2133 1974 2190 tuo
2012 2121 2058 2193 N.

1299 2215 1461 2316 adeptam
1488 2218 1574 2291 bene
1601 2242 1718 2316 regere
1752 2215 1988 2317 dignitatem,
2022 2220 2057 2292 dr

442 2321 558 2423 spreto
585 2317 735 2418 antiquo
761 2317 878 2410 holle,
903 2317 1095 2422 spretisque
1122 2347 1203 2395 con·
1238 2325 1270 2400 C
1298 2319 1319 2392 i
1345 2335 1382 2392 te
1408 2315 1470 2393 fibi
1507 2317 1726 2418 praestitum
1744 2317 1916 2394 honorem
1943 2347 2059 2395 corro-

442 2419 550 2525 tagiis
569 2419 732 2496 omnium
752 2419 949 2516 vitiorum,
968 2420 1013 2495 stc
1032 2421 1204 2522 judicium
1301 2419 1423 2495 borare
1447 2419 1611 2521 dignare.
1639 2418 1852 2496 Honorifrca
1870 2447 1950 2496 eum
1978 2449 2059 2521 prae

441 2529 477 2601 dc
506 2523 673 2626 justitiam
701 2521 853 2623 diligas,
880 2525 986 2599 &ita
1008 2523 1202 2600 misericor·
1300 2520 1437 2596 cunilis
1474 2521 1629 2624 Regibus
1659 2541 1794 2598 terrae.
1831 2523 1941 2598 Verbi
1976 2549 2058 2598 eum

442 2628 536 2701 diter
561 2623 686 2716 vivas,
714 2641 754 2699 ut
780 2625 823 2701 ab
850 2623 927 2728 ipso
955 2627 1114 2702 Domino
1141 2651 1202 2700 no·
1302 2623 1547 2698 benedidiione
1583 2627 1787 2724 locupleta,
1821 2627 1856 2700 ἃ
1890 2625 1930 2698 in
1964 2622 2057 2698 solio

442 2729 509 2804 Rro
534 2725 612 2822 Jesu
640 2725 781 2804 Christo
801 2725 840 2802 in
860 2725 1040 2803 consortio
1059 2727 1202 2804 Sanilo·
1302 2723 1414 2826 Regni
1434 2722 1535 2800 firmi
1559 2725 1749 2802 stabilitate
1769 2724 1965 2802 consolida.
1991 2725 2058 2800 vi.

442 2857 519 2906 rum
536 2829 670 2903 aeterni
693 2828 806 2928 Regni
824 2854 990 2906 coronam
1010 2828 1203 2928 percipias.
1236 2869 1241 2876 ·
1301 2824 1362 2900 stta
1388 2853 1467 2901 eum
1496 2827 1534 2900 in
1561 2826 1701 2904 sobole.
1730 2827 1861 2904 Praesta
1887 2827 1921 2903 ei
1947 2825 2057 2928 proli·

441 2931 626 3028 Quicum
656 2934 758 3008 Patre
785 2931 853 3004 &o
882 2929 1041 3028 impositio
1068 2938 1206 3004 Coronae
1299 2927 1450 3004 uitatem
1478 2929 1599 3005 vitae.
1636 2937 1676 3004 ln
1713 2930 1836 3006 diebus
1862 2931 1935 3031 ejus
1970 2927 2056 3003 sem·

436 3037 532 3132 super
557 3055 651 3130 caput
677 3031 845 3128 Reginae.
881 3039 990 3128 ‚Quam
1024 3057 1120 3130 quum
1147 3034 1202 3104 im·
1301 3056 1360 3129 per
1385 3029 1522 3106 otiatur
1557 3031 1716 3131 justitia,
1752 3051 1793 3107 ut
1820 3058 1900 3107 cum
1937 3032 2056 3131 jocun-

438 3136 531 3233 ponr't
557 3133 715 3207 Dominus
748 3140 842 3231 Papa
869 3134 967 3226 super
990 3155 1085 3229 caput
1109 3133 1204 3227 ejus,
1299 3130 1411 3205 ditate
1448 3133 1484 3205 dr
1524 3133 1664 3208 laetitia
1704 3151 1848 3210 aeterno
1886 3131 2058 3232 glorietur

442 3238 608 3335 imponant
634 3259 747 3306 manus
760 3232 880 3329 septem
894 3232 1073 3328 Episcopi,·
1092 3235 1202 3307 &di
1237 3235 1268 3302 D
1299 3232 1336 3306 in
1367 3237 1522 3332 Regno3
1561 3259 1621 3333 per
1656 3232 1855 3309 Dominum
1881 3236 1949 3309 dec.
1985 3234 2058 3323 Post

440 3359 492 3410 ut
527 3336 685 3412 Dominus
718 3341 812 3432 Papa
845 3333 917 3406 alta
950 3359 1052 3408 uoce:
1085 3335 1205 3431 septem
1299 3334 1373 3405 haec
1398 3335 1555 3410 Dominus
1579 3340 1673 3431 Papa
1698 3362 1766 3408 cum
1794 3334 1866 3426 suis
1892 3335 2059 3424 Minisiris

442 3439 592 3540 Episcopi
609 3459 766 3526 taceant,·
784 3434 922 3536 Accipe
940 3438 1120 3512 Coronam
1137 3441 1202 3513 Re·
1300 3437 1344 3508 ad
1368 3436 1492 3512 Aitate
1517 3436 1602 3507 beati
1627 3438 1718 3507 Petri
1743 3436 1932 3508 revertitur.
1969 3443 2060 3510 Tunc

442 3542 532 3642 galis
558 3538 816 3630 excellentiae,
852 3563 941 3636 quae
968 3536 1054 3614 licet
1081 3538 1123 3612 ab
1149 3539 1203 3614 in·
1300 3535 1480 3627 Praeseilus
1514 3536 1609 3610 Urbis
1643 3537 1688 3608 (θ’
1720 3537 1925 3609 Primicrrius
1953 3537 2057 3626 Just.

441 3641 582 3742 dignis,
610 3638 866 3738 Episcoporum
895 3657 1014 3714 tamen
1041 3637 1202 3716 manibus
1298 3665 1365 3710 rum
1382 3640 1541 3712 deducant
1558 3641 1805 3734 imperatum,-
1831 3638 2065 3738 imperatricem

368 3833 370 3836 Ι
441 3741 554 3842 capiti
596 3760 660 3816 tuo
695 3737 919 3840 imponitur.
961 3739 1064 3814 Unde
1103 3742 1204 3818 velut
1300 3767 1374 3812 vers
1400 3739 1580 3831 Prasstilos
1605 3741 1771 3832 Navalis,
1808 3741 1852 3812 (t
1876 3739 2058 3812 Secundino·

443 3843 528 3918 haec
555 3841 709 3920 exterius
736 3867 822 3916 auro
848 3841 894 3916 eu
919 3843 954 3918 δι
980 3841 1131 3944 gemmis
1153 3869 1199 3918 re·
1298 3843 1365 3913 rius
1380 3843 1557 3934 Jodr'cum.
2042 3855 2044 3862 ·

442 3945 594 4036 dimite,
622 3945 674 4020 ita
702 3961 742 4020 tu
778 3943 930 4024 interius
960 3970 1045 4021 auro
1072 3943 1202 4046 sapien·
1351 3944 1479 4040 Quibus
1505 3945 1539 4014 iu
1564 3944 1641 4016 Iocis
1668 3943 1740 4036 suis
1767 3943 1841 4040 jam
1868 3943 2057 4036 flantibus,

341 4100 345 4108 ·
445 4045 538 4139 tiae,
578 4046 826 4151 virtutumque
861 4045 1011 4150 gemmis
1048 4045 1203 4124 decorari
1301 4049 1457 4118 Dominus
1484 4051 1578 4140 Papa
1606 4046 1744 4142 incipit:
1778 4045 1904 4120 Gloria
1934 4045 1971 4118 in
1999 4071 2060 4120 ex·
2185 4079 2189 4086 ·

436 4147 658 4241 contendas,
678 4147 945 4248 quatenuspost
962 4147 1123 4224 occasum
1142 4145 1198 4224 ltu·
1238 4163 1267 4232 Ε
1299 4144 1395 4220 celfis
1431 4149 1509 4220 Deo
1541 4147 1608 4220 &n
1643 4153 1693 4220 Et
1725 4149 1840 4220 Schola
1872 4145 2060 4242 respondet.

405 4341 408 4348 ι
445 4251 499 4356 jus
526 4249 642 4328 Seculi
670 4277 750 4327 eum
787 4249 1016 4348 prudentibus
1044 4248 1202 4350 Virgini·
1296 4239 1428 4322 ‘Deinde
1451 4249 1531 4322 dicit
1549 4249 1630 4322 bane
1646 4251 1849 4321 Orationem:
1876 4250 1971 4320 Deus
1991 4251 2060 4322 Re·

446 4355 510 4429 bus
546 4348 670 4451 sponso
712 4350 857 4450 perenni
895 4351 1055 4428 Domino
1090 4349 1205 4426 nostro
1298 4375 1447 4450 gnorum
1474 4352 1636 4424 omnium
1655 4352 1722 4424 uc.
1739 4357 1818 4443 Qua
1833 4348 1961 4442 finita,
1987 4356 2061 4423 Ar.

445 4454 522 4548 jesu
548 4451 690 4530 Christo
717 4452 822 4552 digne
841 4453 876 4524 ἃ
903 4451 1130 4530 laudabiliter
1148 4479 1204 4526 oc·

446 4585 584 4648 curras,
600 4556 811 4658 januamque
828 4553 980 4628 caelestis
998 4553 1112 4654 Regni
1126 4581 1204 4630 curn

447 4660 570 4736 eodem
607 4655 745 4758 ingredi
782 4656 965 4730 merearis.
1007 4655 1083 4750 Qui
1123 4682 1203 4731 eum

447 4767 526 4836 Deo
568 4765 671 4838 Patre
706 4759 741 4832 δι
777 4754 911 4856 Spiritu
947 4757 1075 4831 sanun
1109 4757 1207 4833 vivit

448 4865 624 4962 &regnat
653 4865 746 4936 Deus
773 4885 833 4957 prr
858 4856 1002 4934 infinita
1029 4856 1141 4934 secula
1161 4859 1201 4934 se·

449 4965 631 5040 culorum.
674 4967 834 5039 Amen„
852 4962 931 5037 Heic
964 4961 1019 5036 det
1053 4960 1209 5034 Dominus

449 5074 544 5166 Papa
578 5072 740 5165 Sceptrum
772 5063 979 5167 Imperatori,
1015 5063 1060 5138 Θ·
1093 5062 1203 5138 dicat:

1300 4453 1500 4526 chidiaconus
1523 4479 1592 4526 cum
1616 4451 1724 4522 ceteris
1751 4452 1880 4524 Palatii
1905 4451 2060 4525 Diatoni-

1299 4556 1358 4627 bus
1383 4555 1427 4626 Θ·
1461 4553 1645 4628 Primicerio
1670 4553 1715 4624 (θ’
1739 4552 1949 4626 Subdiatonis
1976 4551 2059 4624 inter

1300 4661 1429 4728 Crucem
1454 4657 1499 4730 Θ
1515 4657 1637 4729 Altare
1663 4655 1824 4752 incipiunt
1839 4658 1899 4728 has
1923 4656 2060 4726 laudes:

1300 4757 1439 4832 Exaudi
1473 4755 1637 4833 Christec
1670 4758 1785 4830 Schola
1809 4783 1876 4830 cum
1910 4755 2061 4828 Notariis

1299 4859 1333 4930 in
1360 4861 1458 4932 Chora
1483 4859 1644 4958 respondet
1652 4885 1668 4929 .·
1696 4858 1854 4931 Domino
1880 4853 1994 4928 nostro
2013 4859 2059 4930 C.

1298 4961 1318 5032 l
1352 4965 1429 5036 Deo
1465 4959 1607 5036 decreto
1642 4958 1779 5034 summo
1816 4955 1986 5033 Pontifici
2021 4959 2057 5032 δε

1300 5060 1488 5142 universali
1526 5067 1661 5166 Papae,
1698 5059 1800 5138 uita.
1837 5065 1887 5134 Et
1910 5063 1966 5234 bap
1989 5077 2060 5132 ter.

1963 5177 2010 5230 te·
