4560 6146
233 450 356 554 ,73

596 413 1161 514 osseoererro
1210 365 1546 512 rerum

234 553 322 626 ostie
355 546 430 624 lrint
462 546 507 620 Θ·
541 543 616 620 ina'e
651 543 839 635 constitura,
868 563 1001 639 utraque
1030 545 1064 616 A
1087 539 1168 630 lolia
1194 541 1238 610 (θ’
1263 543 1387 641 reliqua
1410 545 1479 618 lota
1501 547 1656 646 parebat5
1677 547 1768 642 quast
1793 553 1857 622 t'er2

230 671 327 749 parte
346 651 427 742 sorti
451 649 623 722 intentione
646 669 831 746 pugnante,
853 651 916 719 Dei
940 649 986 718 ad
1090 669 1126 713 ra
1148 641 1320 762 pluviffn.
1346 653 1501 744 Sequente
1524 670 1630 722 autem
1659 653 1716 723 IV.
1730 655 1857 768 'Nonqs

229 751 373 848 juvante
391 751 627 847 miseriorem,
646 753 797 823 Saraceni
817 747 938 821 deverti
956 749 1002 819 Θ
1091 749 1183 838 Male
1214 767 1336 842 pruma
1371 751 1480 822 cecidit
1493 777 1509 819 .·
1543 752 1662 824 multae
1696 771 1782 824 vetes
1817 777 1855 824 en

232 857 389 928 debellati
424 861 518 945 lunt,
546 853 755 924 multitudine
790 851 998 924 innumerabi-

232 957 311 1046 les,·
327 958 406 1055 qnia
428 981 505 1053 quos
525 954 660 1052 gladius
682 981 743 1026 non
768 953 945 1040 interemit,
966 955 999 1024 in

223 1057 341 1153 fluvio
366 1060 524 1130 Vulturno
548 1056 649 1130 necati
663 1055 759 1146 sunt.
784 1063 811 1126 S
811 1056 840 1128 ie
861 1057 927 1130 Dei
942 1055 998 1150 ju·

230 1161 316 1232 dicio
343 1161 546 1256 eomplaeurt.
568 1157 636 1251 ,Qui
659 1179 816 1230 venerant
841 1160 997 1251 exaltati,

225 1261 316 1351 falli
335 1263 416 1353 sunt
440 1261 621 1332 humiliati.

287 1369 360 1436 Hac
384 1362 522 1434 villerici
545 1363 679 1457 patratd
712 1363 872 1434 Dominus
897 1369 994 1462 Impe-

1085 846 1198 942 planis
1221 847 1296 918 loeis
1313 849 1369 941 seu
1393 852 1426 922 in
1446 853 1592 925 vallibus
1610 854 1762 951 palmites
1784 879 1855 926 eum

1089 949 1165 1019 uvis
1191 947 1328 1034 fiaoatae
1349 952 1450 1047 sunt.
1487 955 1645 1027 Simr'Iiter
1679 957 1723 1026 Θ·
1744 954 1855 1040 filvae

1088 1050 1272 1124 tenerrimae
1306 1079 1373 1124 oum
1392 1055 1463 1147 suis
1483 1055 1576 1146 soliis
1609 1057 1721 1128 aridae
1745 1056 1854 1146 [allae

1081 1151 1184 1244 sunt.
1225 1161 1378 1250 Sequente
1416 1177 1523 1230 autem
1565 1159 1666 1247 mense
1705 1159 1854 1256 Augusto
1909 1199 1911 1204 ·

1087 1255 1204 1327 multae
1229 1253 1361 1342 loeuslae
1385 1265 1586 1332 advenerunt
1609 1263 1649 1332 de
1676 1261 1853 1333 Visentinit

1083 1357 1231 1452 partibus
1266 1357 1299 1428 in
1326 1356 1455 1450 finibus
1493 1362 1701 1454 Brestianis‚
1736 1363 1852 1434 deinde

232 1483 322 1536 rator
338 1469 375 1532 in
392 1463 572 1532 Beneventi
591 1464 721 1534 Palatio
734 1463 885 1552 sedebat.
906 1473 997 1536 Tune
1026 1477 1053 1564 Β
1088 1485 1121 1527 m
1148 1459 1404 1544 Crssmlmfibus
1426 1461 1579 1554 finibus?
1605 1466 1679 1535 lude
1709 1486 1854 1562 pemm-

228 1563 390 1638 Adelebis
432 1563 653 1659 Principatum
698 1571 995 1647 Beneventanoruen

233 1667 379 1760 regebat,
406 1663 457 1735 cui
484 1668 652 1761 Imperator
672 1665 708 1757 se
733 1667 778 1736 (θ’
803 1668 911 1741 omnia
936 1695 994 1740 ere-

232 1767 346 1855 debat,
373 1765 486 1862 quique
513 1766 683 1838 dilellione
718 1769 864 1842 caritatis
885 1768 919 1860 se
944 1771 992 1840 di·

230 1867 401 1964 ligebant.
436 1869 607 1963 Antiquus
641 1867 758 1960 bellis,
788 1870 845 1967 qui
872 1870 995 1968 semper

228 1990 340 2040 eontra
372 1967 569 2041 dilelleonem
605 1969 807 2042 inimicitiam
842 1975 992 2067 quaerit,

229 2071 401 2164 exsurrexit
421 2094 478 2168 per
502 2073 601 2144 malos
620 2071 758 2143 homines
785 2073 866 2143 inter
885 2076 922 2164 Je
947 2103 990 2146 oc.

228 2173 313 2244 culte
335 2173 496 2244 dicentes:
520 2173 604 2268 quid
629 2172 767 2272 gravati
793 2171 909 2248 sumus
931 2174 991 2250 sub

225 2273 399 2373 potestate
427 2272 669 2349 Francorum?
698 2274 747 2373 (t)
775 2278 904 2350 Taliter
929 2285 994 2350 Be.-

1087 1583 1161 1630 runt
1187 1561 1222 1630 in
1247 1563 1426 1656 Lancienses
1449 1586 1578 1662 partes,
1595 1564 1669 1650 five
1695 1567 1791 1638 esiam
1815 1567 1853 1640 in

1086 1661 1357 1753 Mediolanenses.
1384 1670 1493 1737 Erant
1517 1669 1600 1738 enim
1627 1669 1693 1739 und
1715 1689 1852 1764 pergen.

1084 1783 1151 1852 tes,
1191 1783 1256 1834 tout
1280 1766 1429 1839 Salomon
1454 1767 1566 1840 dixit:
1596 1766 1652 1868 (*)
1680 1767 1851 1846 Locustae

1082 1889 1201 1964 regem
1237 1891 1308 1938 non
1344 1867 1496 1960 habent,
1527 1868 1583 1945 sed
1606 1897 1680 1970 'per
1714 1890 1850 1946 turmas

1085 1965 1295 2040 attendunt.
1331 1973 1592 2056 Devastarrernnt
1626 1975 1711 2046 enim
1746 1975 1851 2048 malta

1078 2091 1185 2164 grana
1210 2069 1334 2143 minuta
1359 2071 1445 2142 milii
1468 2074 1524 2144 vel
1547 2077 1676 2172 panici.
1704 2079 1871 2173 Comple·,

1083 2190 1134 2239 tus
1158 2177 1281 2246 Annus
1306 2172 1523 2266 Centesimu,
1550 2204 1588 2246 erc
1612 2200 1672 2273 qno
1707 2181 1739 2250 F
1741 2205 1851 2250 ranco-

1082 2297 1151 2342 rum
1185 2299 1264 2368 gens
1304 2276 1437 2348 Italiam
1472 2273 1606 2374 ingreffit
1640 2278 1708 2368 est,
1744 2289 1851 2352 Anno

226 2378 405 2448 neventani
428 2400 481 2468 per
505 2377 652 2466 fraudem
678 2404 738 2448 uno
773 2377 899 2460 confilio
924 2405 990 2476 ege·
1021 2385 1052 2454 C
1081 2373 1222 2444 Domini*
1249 2375 1426 2448 Hludoviei
1460 2379 1657 2476 Imperatoris
1694 2381 1850 2476 Vigtstmo

225 2500 324 2567 eunt,
346 2499 381 2548 ut
400 2481 563 2550 redderent
582 2479 700 2550 malum
714 2499 774 2574 pro
791 2482 868 2550 bono
879 2508 897 2566 ,·
915 2505 989 2576 qua.

222 2597 316 2650 tenus
356 2583 536 2676 aberamque
566 2578 766 2673 fideliffimos
807 2583 991 2676 Imperatori

228 2677 444 2773 iavemffem,
472 2682 519 2754 ibi
545 2681 753 2770 custodirent,
782 2683 826 2752 (J
860 2688 905 2754 ad
932 2689 989 2756 Im·

224 2801 399 2876 potatorem
425 2811 485 2854 non
511 2785 711 2856 dimitterent
737 2791 854 2858 tenire.
886 2791 993 2858 Erant

230 2883 316 2950 enim
343 2886 460 2956 Franci
492 2885 630 2979 separati
662 2908 717 2980 per
752 2885 913 2978 Callella,
938 2893 993 2959 vel

231 2981 418 3072 Civitates,
440 2981 590 3078 fidentes¹
613 2988 723 3082 absque
757 2989 823 3058 ullo
858 3009 991 3081 terrore,

230 3097 389 3156 credentes
397 3083 485 3174 fidei
504 3091 810 3161 Beneventanorum.
834 3091 917 3161 Fuit
934 3119 988 3185 au·

228 3203 293 3255 tem
319 3186 375 3272 iste
398 3188 571 3260 contrarius
591 3191 778 3282 diseeffionr's
799 3192 869 3262 dies
888 3198 990 3265 XXV.

1082 2475 1195 2565 tertio,
1223 2485 1267 2546 Θ
1301 2478 1402 2568 mense
1427 2503 1559 2577 quarto,
1587 2480 1763 2552 Indillione
1790 2487 1848 2556 VI.

1071 2574 1200 2667 finrta,
1232 2577 1426 2674 ingrediente
1463 2587 1535 2655 VII.
1567 2581 1764 2674 Inaillione,
1793 2585 1850 2658 boo

1080 2677 1122 2764 ell
1161 2681 1263 2750 Anno
1302 2682 1536 2756 iucarnationis
1574 2685 1710 2757 Domini
1722 2685 1737 2696 '⁴
1751 2684 1850 2774 nostri
1913 2695 1923 2704 ’

1070 2785 1101 2871 J
1102 2780 1155 2872 esu
1179 2780 1299 2870 Christi
1324 2783 1585 2882 Ollingentest'mo
1612 2789 1848 2886 Septuagestmt

1080 2881 1187 2952 Tertio
1221 2883 1400 2975 transabit,
1437 2892 1611 2982 Imperator
1644 2915 1720 2957 vero
1753 2893 1847 2960 venit

1078 2982 1118 3052 cle
1133 2979 1262 3073 finibus
1285 2987 1524 3056 Beneventanis
1545 2985 1614 3078 post
1637 2989 1773 3058 multam
1790 2990 1848 3059 vi·

1079 3078 1208 3154 nariam
1237 3081 1333 3178 super
1366 3091 1539 3157 Saracenos
1569 3085 1708 3174 fallam.
1740 3090 1849 3186 Igitur

1073 3181 1143 3279 pasl
1166 3208 1306 3275 annum,
1325 3184 1378 3258 boe
1396 3187 1438 3274 ell
1461 3187 1635 3260 Indr‘llione
1656 3195 1747 3263 VIII.
1764 3191 1847 3280 flel-

222 3286 278 3358 die
302 3289 448 3384 Augusti
473 3290 567 3385 osque
592 3293 635 3363 aa
664 3297 734 3364 XV,
763 3294 923 3366 calendas
949 3302 989 3364 0.
1019 3310 1052 3377 Ι)
1076 3285 1111 3356 la
1137 3287 1275 3356 Cernetis
1301 3286 1335 3358 in
1362 3293 1454 3362 Coelo
1487 3293 1661 3388 comparuit
1686 3292 1847 3378 stmilitu·

223 3385 358 3478 llobris,
383 3389 558 3462 Indillione
582 3393 775 3468 Unaecima.
794 3397 861 3466 Sed
880 3401 990 3478 Dens.

224 3489 281 3586 qui
305 3491 481 3562 Dominum
507 3496 724 3588 Imperatorem
749 3502 793 3568 ad
816 3497 907 3592 regni
928 3524 988 3592 gu·

222 3591 391 3662 bernaeula
432 3594 613 3690 ImperiaIis
652 3598 887 3689 ordinaverat,
923 3625 990 3668 eum

223 3689 290 3787 ipso
315 3714 405 3780 erat,
417 3693 502 3778 stent
526 3697 671 3792 legitur:
697 3697 752 3796 (Ἴ
780 3702 856 3772 Cor
884 3703 989 3798 Reges

222 3788 265 3866 in
301 3817 409 3870 manu
446 3796 513 3870 Dei
549 3797 614 3872 est.
651 3804 700 3870 Et
734 3801 846 3871 taliter
872 3799 991 3894 fideles

217 3892 296 3987 snos
319 3897 363 3966 ad
382 3897 418 3988 se
450 3899 562 3970 venire
585 3899 682 3988 feeit.
719 3903 872 3989 Caelestis
899 3905 992 3973 timor

221 4014 331 4069 autem
347 3996 444 4094 super
466 4007 711 4074 Beneventanus
735 4004 850 4084 irruit.
874 4007 914 4075 vi

218 4095 380 4195 integrum
406 4100 476 4170 illis
497 4101 589 4192 snit,
614 4123 652 4174 ut
671 4102 802 4198 pacifice
822 4029 991 4202 potniffliii

220 4225 270 4272 tos
294 4200 482 4290 dimittere,
509 4202 565 4298 qui
591 4205 780 4276 laetabundi
809 4209 854 4280 ad
878 4213 974 4280 Domo
1021 4221 1047 4289 E

220 4327 300 4374 num
335 4306 557 4400 Imperatorem
594 4305 709 4390 reversi
737 4305 836 4397 sunt.
874 4311 992 4380 Eodem

220 4407 328 4476 Anno
344 4405 469 4477 merloto
483 4407 590 4478 multa
600 4403 700 4498 signa
714 4407 887 4494 monstrata
893 4409 988 4500 sunt.

222 4501 347 4574 Vinum
369 4505 528 4600 postquam
552 4507 809 4600 vindemiatum,
835 4509 880 4580 Θ
905 4512 992 4584 intra

219 4601 360 4693 vascula
380 4601 521 4695 mellum,
532 4609 647 4696 statim
669 4611 886 4686 turbulentum
902 4613 989 4704 suit.

219 4708 262 4784 In
289 4703 363 4804 ipsa
385 4704 509 4799 Pascha
535 4712 669 4786 Domini
694 4735 755 4812 per
787 4717 912 4790 arbores
934 4721 992 4790 vel

222 4987 270 5082 (ν)
289 4987 394 5060 Fufius
414 4991 496 5062 Irene
517 4953 586 5064 rem
599 5015 724 5068 narrent
742 5001 885 5070 laudatus
901 5001 991 5068 Ano-

224 5231 279 5320 P)
300 5231 497 5314 Psorerbior.
516 5240 603 5338 Cep.
623 5265 675 5322 rn.
694 5243 775 5316 vat
800 5266 829 5319 s.

1077 3386 1153 3458 dine
1188 3387 1320 3460 radians
1356 3391 1469 3489 longae
1502 3394 1621 3466 caudae
1652 3415 1710 3492 per
1744 3419 1847 3470 toturn

1079 3487 1210 3580 mensem
1226 3495 1258 3580 J
1259 3491 1371 3560 unium
1396 3519 1488 3563 mane
1514 3495 1558 3562 (9¹
1577 3495 1720 3589 vespere.
1740 3499 1847 3572 Dein·

1076 3591 1116 3660 de
1152 3589 1186 3660 in
1222 3589 1322 3681 mense
1346 3593 1445 3684 Julio
1479 3597 1631 3667 Saraceni
1663 3618 1844 3694 venerunt,

1078 3691 1326 3764 &Civitatem
1362 3694 1418 3794 (u)
1444 3723 1512 3768 cum
1540 3697 1639 3767 multo
1675 3698 1746 3794 igne
1780 3725 1846 3772 cre.

1073 3804 1265 3866 'mavemnt.
1291 3799 1444 3893 Sequenti
1469 3823 1574 3872 autem
1600 3800 1701 3892 mense
1722 3806 1846 3892 Aaou.

1069 3894 1120 3981 sto
1155 3896 1356 3969 Hludovions
1391 3899 1447 3996 (x)
1478 3905 1647 3997 Imperator
1679 3902 1847 3992 deficnllus

1076 3995 1121 4082 est
1142 3996 1251 4092 pridie
1277 4000 1355 4070 Idus
1379 4000 1523 4096 Augusti
1550 4002 1584 4071 in
1603 4000 1732 4091 finibus
1763 4011 1847 4078 Bre-

1070 4096 1212 4189 Jeianis.
1237 4102 1405 4174 Antonius
1429 4127 1504 4174 nero
1535 4103 1727 4191 Breleianus
1761 4109 1846 4203 Epi.

1076 4199 1181 4298 [copus
1210 4197 1290 4272 tulit
1314 4229 1423 4300 eorpus
1449 4203 1538 4294 eins,
1576 4203 1620 4273 (J
1642 4205 1749 4299 poluit
1774 4235 1846 4282 eum

1077 4301 1109 4371 in
1131 4301 1272 4398 sepulcro
1299 4305 1332 4377 in
1360 4303 1500 4388 Eeclelia
1525 4303 1663 4377 Sanllae
1690 4309 1844 4404 Mariae,

1075 4403 1131 4474 ubi
1166 4409 1287 4501 Corpus
1320 4405 1436 4478 Sanili
1470 4406 1621 4495 filastrii
1661 4411 1842 4504 requiescit.

1075 4505 1258 4602 Auspertus
1293 4507 1546 4582 Medioteaeals
1580 4510 1845 4606 Archiepiseoput

1077 4609 1249 4682 mandavit
1284 4611 1315 4682 ei
1339 4632 1396 4706 per
1422 4611 1695 4686 Archidiaeonum
1723 4608 1842 4706 suum,

1076 4733 1113 4783 ut
1147 4711 1261 4784 reddat
1285 4735 1393 4812 corpus
1418 4714 1526 4785 illud.
1561 4715 1623 4786 Ille
1656 4730 1761 4880 aut'em
1787 4739 1844 4784 no·

1720 4832 1771 4886 “IS
1779 4863 1791 4884 .

1075 4994 1124 5078 (“)
1145 4997 1295 5071 Proverb.
1318 5000 1400 5085 Cep.
1425 5021 1463 5080 eo
1493 4995 1571 5066 vers.
1594 5018 1644 5080 27.

1076 5081 1126 5156 (u)
1147 5080 1316 5148 ciclorum
1336 5105 1450 5164 nempe
1473 5089 1711 5148 Beneventanant

1073 5161 1123 5242 (rr)
1147 5163 1262 5245 Paque
1287 5163 1433 5228 [udovici
1457 5176 1591 5231 mortem
1622 5169 1719 5232 Anno
1741 5162 1843 5251 Vulg.

1157 5245 1230 5328 875.
1250 5241 1420 5327 configeret.
1439 5246 1644 5316 Muratorius.
