4602 6136
1739 381 1827 436 nvn

272 458 371 556 du‘rtt
397 454 452 546 (9¹
480 465 677 551 Marmora
698 459 786 576 fine
814 491 989 572 numero,
1018 461 1279 575 Anaglypba,
1307 463 1472 548 Nummi
1479 524 1493 566 ,
1521 459 1673 576 aliaque
1702 490 1878 548 vatnam

274 585 550 687 Monumenta,
587 615 635 666 eu
679 581 815 694 qnibnt
852 582 1019 664 omnibus
1041 581 1280 666 admirande
1308 578 1480 696 resurgit
1522 583 1765 672 Eruditionis
1796 585 1876 662 Ro-

274 729 407 786 manae
435 698 636 819 supellex.
677 707 822 784 Contra
852 730 920 810 qur
950 698 1160 784 Barbarica
1200 701 1357 784 Saecula
1398 699 1536 784 ltaliae
1568 698 1763 816 pingenda
1796 696 1877 811 sibi

268 818 471 937 proponit,
508 821 696 930 regionem
726 816 939 932 ingreditur
968 819 1141 902 tenebris.
1158 813 1212 900 (9¹
1242 818 1405 930 caligine
1427 851 1508 925 ,non
1545 814 1691 901 modicd
1718 820 1876 902 circuni·

264 931 425 1050 susam.
468 934 655 1041 Historias
684 937 731 1020 de
760 935 865 1018 rebus
897 935 1041 1020 italicis
1073 935 1121 1018 ab
1159 937 1271 1020 italis
1311 933 1507 1044 usquead
1537 945 1697 1020 Annum
1727 934 1877 1046 Cbr'isli

272 1051 525 1165 Millesimum
555 1050 608 1136 (9¹
638 1053 740 1138 ultra
769 1048 993 1166 conscriptas
1029 1054 1214 1168 quaeris?
1253 1050 1505 1167 Baucifflmae
1532 1079 1753 1159 occurrunt,
1790 1083 1875 1138 aar

272 1202 346 1284 que
376 1202 451 1254 non
481 1167 625 1280 aniore
651 1171 744 1278 stilo
782 1171 1040 1278 elucubratae,
1082 1169 1412 1284 quales-Romana
1442 1170 1604 1256 eruditio
1632 1166 1767 1284 offert,
1803 1167 1878 1278 sed

271 1295 405 1373 breves
435 1289 770 1390 commentarioli,
811 1284 865 1371 (9¹
895 1286 1100 1402 exsanguia
1129 1287 1256 1374 veluti
1293 1319 1419 1372 terum
1454 1287 1696 1404 compendia.
1736 1293 1875 1372 Poetae

273 1405 426 1519 quidem
454 1406 602 1515 aliquot
624 1399 775 1515 sacros,
814 1407 883 1492 boc
910 1407 963 1514 esl
992 1409 1042 1490 ad
1059 1404 1256 1517 sacrorum
1285 1407 1464 1490 notitiam
1493 1406 1630 1509 utiles,
1658 1438 1703 1490 aa
1730 1427 1874 1516 temte-

274 1557 319 1609 ra
346 1523 494 1630 tulere;
523 1521 603 1634 sed
641 1524 713 1609 viu
741 1525 863 1609 ullum
901 1527 1104 1629 invenias,
1141 1526 1212 1637 qui
1244 1519 1419 1640 profanos
1457 1518 1510 1607 (θ’
1546 1523 1720 1641 politices
1756 1552 1883 1608 moret.

272 1635 481 1751 describet.
525 1659 644 1726 Immo
673 1669 774 1726 totus
796 1639 922 1754 serme
951 1643 1153 1728 Librorum
1180 1665 1406 1757 apparatus,
1442 1671 1534 1756 quot
1560 1673 1605 1726 ea
1631 1667 1735 1726 aetat
1760 1661 1879 1757 pepe·

270 1761 349 1859 rit,
387 1761 543 1875 exignus
577 1755 700 1867 sane,
741 1759 808 1843 ubi
847 1783 1077 1870 comparetur
1113 1791 1197 1844 curn
1233 1760 1388 1866 Libris,
1429 1783 1500 1872 per
1538 1760 1710 1874 quinque
1743 1761 1880 1874 priore

269 1877 429 1964 Saecula
459 1887 585 1960 Aerae
612 1876 855 1986 Cbrislianae
884 1874 1068 1991 scriptis,
1107 1877 1149 1961 in
1162 1985 1163 1988 g
1178 1879 1285 1961 rebus
1313 1878 1440 1961 Sacris
1468 1874 1673 1986 versatur:
1710 1908 1756 1960 err
1783 1877 1872 1992 qui·

270 1991 337 2080 lut
368 1995 450 2078 urb
489 1996 673 2106 exprimas
709 1996 847 2081 civilia
884 1996 1059 2110 negotia,
1096 1989 1149 2077 Θ
1178 1995 1329 2109 aliquid
1355 1995 1406 2079 ad
1435 2001 1554 2080 Artes
1583 2024 1628 2078 ao
1654 2025 1770 2078 mores
1798 1996 1872 2079 ci·

270 2113 372 2198 vilet
408 2143 533 2196 eorum
570 2135 778 2227 temporum
812 2111 1008 2232 spellam.
1050 2121 1181 2198 Rarae
1209 2113 1325 2198 etiam
1359 2135 1432 2229 per
1458 2143 1503 2196 ea
1531 2111 1688 2198 Saecula
1727 2107 1881 2220 inscriv.
1986 2163 1989 2166 ·

266 2229 436 2346 prienes,
476 2230 557 2314 rari
585 2227 636 2312 Θ
667 2232 851 2336 Nummi,
889 2232 996 2344 iique
1032 2231 1144 2344 longe
1182 2228 1380 2346 drffimiles
1409 2262 1433 2315 a
1462 2230 1640 2314 Nummio
1677 2233 1881 2316 Romano:

269 2377 354 2434 rum
382 2373 498 2462 atque
525 2353 777 2458 Graecorum,
817 2347 861 2433 in
901 2347 1038 2462 quibus
1069 2373 1181 2433 tanta
1208 2348 1452 2435 Eruditiouit
1491 2348 1595 2464 copia
1630 2347 1878 2448 comttreben·¹
1997 2439 2005 2452 ,

268 2466 401 2551 ditur.
445 2465 704 2588 ,Quamobrem
748 2467 792 2552 iro
825 2461 960 2580 syrtes
1003 2467 1175 2552 incurrat
1215 2468 1312 2552 ratis
1355 2465 1563 2552 identidem
1602 2459 1746 2580 norff
1786 2465 1879 2577 est,

268 2615 386 2698 quum
422 2585 706 2697 navigationem
737 2583 901 2694 inslituit
928 2605 999 2701 prr
1025 2609 1193 2700 tempora
1220 2585 1316 2692 illa,
1353 2582 1502 2699 quando
1538 2611 1619 2666 tam
1646 2606 1766 2700 pauca
1793 2584 1879 2668 Li:

263 2727 433 2798 ,terarum
464 2699 639 2814 subsidia
679 2701 785 2787 nobit
820 2701 982 2816 reliquit
1017 2705 1220 2787 communit
1256 2729 1350 2788 tunc
1388 2701 1583 2786 bominum
1621 2701 1879 2814 ignorantia,

268 2845 336 2902 rut
376 2818 563 2902 dobirinne
592 2816 847 2906 mediocriter.
885 2819 1005 2940 ‚Quid
1032 2819 1116 2904 bric
1143 2851 1230 2934 ergo
1258 2817 1501 2904 Eruditionit
1538 2819 1685 2902 avidi?
1723 2819 1866 2932 Dupli-

269 2963 347 3020 cent
387 2935 421 3019 ii
461 2935 613 3020 tandem
656 2937 778 3022 iniere
813 2939 921 3023 viam
967 2963 1084 3052 atque
1120 2939 1336 3046 rationem,
1378 2965 1455 3048 qua
1493 2935 1678 3051 penuriae
1710 2958 1866 3040 tantae,

266 3078 453 3167 quantum
486 3053 584 3170 fieri
623 3047 773 3168 posset,
817 3049 1101 3165 consuleretur.
1143 3055 1300 3138 Scilicet
1339 3049 1496 3168 eucnffis
1539 3050 1867 3138 Bibliothectrum

259 3169 430 3290 pluteis,
466 3203 719 3286 quaecumque
746 3173 930 3260 invertere
956 3171 1086 3257 abdita
1124 3172 1362 3257 Saeculorum
1390 3171 1542 3256 rudiunt
1570 3165 1761 3285 opuscula
1788 3203 1878 3270 nou,

265 3291 552 3396 contemnenda,
582 3291 814 3394 Troiiam,
852 3291 1063 3408 Epistolat,
1091 3287 1398 3400 schediasmate,
1433 3293 1692 3404 fragmenta,
1727 3291 1866 3402 equi·

266 3405 332 3491 bns
375 3407 527 3521 aliquid
569 3409 663 3494 lucis
704 3409 747 3492 in
784 3407 994 3518 Historiam
1033 3433 1103 3492 aut
1141 3409 1411 3494 Eruditirnem
1448 3406 1592 3491 indolbr'
1631 3405 1740 3490 illiue
1774 3405 1868 3492 aevi

264 3555 438 3612 emanare
465 3520 567 3640 pff
596 3525 828 3631 crederetur,
862 3558 910 3612 ea
941 3526 1087 3642 publici
1123 3527 1221 3664 iuris
1251 3522 1406 3640 secere:
1439 3555 1516 3637 quo
1542 3523 1721 3638 beneficio
1744 3545 1864 3724 grae

256 3638 389 3754 sentos
416 3638 469 3728 (θ’
496 3645 653 3762 posteros
674 3641 755 3756 sibi
781 3641 1007 3753 deuiuuere,
1043 3675 1163 3758 quum
1191 3676 1235 3728 en
1262 3643 1429 3728 omnium
1456 3639 1685 3726 commodum
1712 3638 1746 3726 t‘l
1760 3671 1866 3726 orum

265 3758 382 3844 editio
412 3794 510 3846 nunc
538 3789 698 3877 vergat.
738 3761 809 3846 Aa
847 3763 939 3848 bate
965 3765 1127 3874 antiqua
1165 3761 1489 3868 cathedralium,
1514 3759 1865 3870 ¹lllorrtsletiotum
1900 3843 1909 3850 ,

264 3877 499 3990 aliorumque
527 3881 688 3966 locorum
716 3879 893 3966 Arcbiva
913 3878 1084 3989 scrutati
1101 3877 1225 3990 sunt,
1250 3875 1305 3962 (9·
1333 3877 1555 3994 Diplometa
1578 3876 1714 3961 tuinde
1739 3907 1863 3962 eucer-

259 4017 355 4109 pte,
393 3999 548 4096 Rullus,
586 3995 638 4080 (9·
668 3997 856 4104 Cbartet,
891 4028 1085 4110 nunquam
1122 4021 1236 4080 antea
1272 3995 1417 4103 editas,
1453 3995 1539 4080 luce
1563 3993 1770 4079 donarunt.
1800 3994 1864 4078 lbi

257 4109 355 4224 sane
383 4115 587 4230 multiplex
614 4115 846 4202 Barbariana
880 4114 1125 4200 Eruditionir
1153 4115 1296 4232 copia;
1329 4141 1448 4227 atque
1482 4111 1587 4219 bisce
1615 4113 1863 4198 onnunorntis

260 4233 402 4316 nouum
430 4233 505 4341 esi,
544 4259 732 4347 quantum
760 4229 932 4346 subsidii
958 4232 1198 4316 tacitorum
1232 4232 1388 4316 rudiunt
1414 4231 1570 4346 egestati
1597 4227 1743 4338 adferri
1776 4225 1862 4342 pos·

253 4346 338 4460 fit,
374 4351 466 4436 dum
492 4380 621 4438 temen
641 4349 865 4466 seligantur
891 4379 989 4464 quae
1016 4351 1203 4434 novitatis
1232 4376 1300 4434 aut
1326 4348 1550 4448 eruditionis
1578 4347 1731 4462 aliquid
1758 4347 1862 4432 eubi-

261 4465 400 4573 beant,
438 4501 559 4583 neque
596 4499 721 4554 omnes
750 4468 1011 4574 Arcbivorum
1038 4467 1192 4556 tabulae
1221 4465 1310 4580 stne
1345 4467 1427 4552 ullo
1453 4464 1675 4574 disarinu'ue
1707 4497 1863 4550 arceran-

261 4609 349 4670 tur.
389 4588 508 4706 Quae
548 4589 651 4673 enim
692 4583 898 4700 nibilniji
926 4586 1160 4702 vulgarent
1184 4586 1327 4670 tritunt
1348 4661 1349 4664 a
1361 4580 1648 4700 praeseferunt,
1685 4577 1741 4666 Θ
1776 4583 1862 4693 quie

251 4699 423 4817 squilias
463 4704 649 4789 duntarrat
679 4701 861 4819 privatae
885 4705 1013 4818 gentis
1042 4705 1261 4812 eontimnt,
1299 4701 1475 4816 qualibet
1506 4701 1682 4787 novitate
1707 4697 1864 4810 destitu-

261 4848 325 4907 tae
335 4853 358 4930 ,·
398 4848 585 4920 tanauam
609 4819 772 4934 flaturae
799 4823 930 4924 oneri,
966 4854 1043 4906 raon
1078 4820 1285 4908 eruditioni
1314 4821 1598 4926 literatorum,
1626 4815 1713 4926 snit
1746 4817 1864 4901 relin-

262 4939 436 5048 quendat
451 4936 557 5054 sient
583 4941 766 5024 tenebris.
803 4938 927 5062 ,Quod
955 4935 1006 5022 (9¹
1035 4939 1179 5024 diorum
1210 4939 1334 5023 velim
1360 4936 1409 5022 de
1436 4937 1569 5045 ceteris
1596 4931 1728 5018 Medii
1755 4933 1868 5022 Atvi

255 5053 446 5178 sortibus,
485 5091 533 5146 eu
560 5059 698 5176 quibus
730 5059 935 5176 permultos
973 5059 1136 5178 reperiat
1175 5059 1233 5143 ita
1270 5055 1455 5173 ineptiis,
1489 5078 1558 5138 aut
1584 5049 1869 5231 fibulis,baut

299 5178 314 5196 ''
1364 5211 1366 5216 .
1741 5185 1770 5231 re
1789 5186 1825 5230 ut
