4532 6154
289 439 375 542 613

553 369 1070 515 o'ssssurarso
1122 363 1481 516 seorsus.

1700 445 1787 540 ⁶14

299 635 468 758 'Caroli
499 641 620 728 Crasso
652 637 791 728 ltaliae
823 642 945 758 Regis
978 635 1188 752 Diplotnu,
1218 669 1300 758 quo
1332 641 1525 732 Ecclcssse
1556 643 1739 761 Regionis

598 759 769 847 Insulam
801 755 1004 852 Su‘zasium
1035 761 1186 872 donat,
1215 765 1339 847 Anno
1372 763 1476 876 879.

230 960 316 1144 IN
340 959 463 1031 nomine
491 959 624 1031 Domini
650 961 714 1032 Dei
739 960 785 1031 Θ·
810 959 1063 1034 salvantem·
1080 975 1178 1028 tatem
1213 958 1259 1029 Θ·
1291 960 1515 1034 exaltationem
1551 959 1648 1058 ipsius
1683 962 1844 1062 Episcopii

303 1062 399 1148 noflri
414 1067 444 1152 J
446 1061 517 1152 besor
544 1059 682 1148 Cbrrsti.
707 1063 849 1135 Karalus
873 1065 993 1136 divina

229 1164 397 1236 ordinante
425 1161 634 1260 providentio
657 1169 755 1237 Rex.
783 1167 812 1235 5
812 1163 824 1234 i
848 1185 886 1236 ut
908 1173 988 1238 San·

231 1264 348 1336 demur
374 1265 440 1336 loco
463 1263 630 1355 ditentur,
656 1291 716 1361 quo
751 1290 853 1337 eorum
879 1267 988 1358 Presu-

230 1367 297 1458 les,
330 1365 479 1462 ceterique
514 1366 665 1453 Miniflri
697 1365 822 1438 uberius
856 1369 987 1464 omnipo·

229 1468 311 1540 tenti
345 1467 482 1541 Domino
505 1467 640 1539 valeant
673 1465 854 1560 deservire,
880 1492 994 1540 munus

230 1571 388 1666 quoddam
413 1567 595 1661 conferimus
615 1567 765 1654 Ecclefiis
784 1571 902 1642 divino
924 1569 989 1645 cul·

231 1672 282 1742 tui
304 1670 442 1762 dicaris,
469 1668 637 1758 noslrorum
672 1695 812 1743 normam
829 1671 994 1770 sequentes

226 1768 483 1868 predecessorum,
510 1773 555 1842 Ο·
580 1773 615 1843 in
639 1773 775 1869 presenti
794 1773 898 1867 fecula
918 1794 992 1870 pro·

222 1872 367 1968 sperari,
393 1897 488 1971 atque
513 1875 547 1946 r'n
569 1873 677 1963 futuro
701 1875 832 1948 veniam
855 1873 994 1971 consequi
1027 1863 1053 1935 Β

1080 1064 1210 1131 eandem
1243 1060 1385 1153 Insulam
1416 1063 1614 1160 Sug¹<ariam
1641 1063 1675 1135 in
1700 1069 1842 1136 Comita-

1080 1177 1116 1227 tu
1139 1160 1432 1250 eodem‘Brixienfi
1454 1163 1588 1262 posttam
1614 1165 1698 1236 inter
1715 1169 1844 1238 Padurn

1079 1259 1125 1330 (θ’
1156 1267 1279 1336 Zatam
1317 1291 1385 1336 cum
1424 1269 1543 1356 Curte,
1584 1266 1631 1337 Φ
1670 1267 1843 1363 Capellae,

1075 1361 1133 1454 feu
1153 1364 1313 1460 piscaria,
1342 1365 1443 1452 stlvis
1468 1367 1565 1440 etiam
1588 1391 1657 1438 eum
1688 1370 1846 1464 prenomi-

1082 1465 1168 1536 natis
1191 1466 1332 1559 manfis,
1358 1469 1415 1568 qui
1441 1469 1558 1542 ibidem
1578 1468 1678 1560 funt,
1713 1495 1751 1538 ex
1778 1469 1844 1566 ipso

1081 1566 1242 1639 Comitatu
1263 1568 1519 1666 pertinentibus,
1553 1571 1735 1640 cumomni
1760 1571 1842 1640 inte.

1077 1669 1200 1764 gritate
1218 1695 1319 1742 rerum
1337 1669 1396 1763 feu
1415 1670 1640 1762 familiarum,
1664 1669 1842 1768 cunilifque

1081 1770 1231 1862 decimis,
1258 1773 1304 1842 (9¹
1323 1771 1551 1869 pertinentiis,
1570 1771 1627 1843 vel
1650 1771 1844 1866 adjacentiis

1077 1869 1167 1963 suis,
1189 1872 1303 1962 fundis
1325 1899 1445 1972 qnoque
1470 1875 1516 1944 θ
1540 1872 1636 1964 locis,
1665 1874 1722 1964 feu
1743 1872 1841 1969 palu·

229 2001 289 2046 reon
324 1976 508 2049 dubitamus
542 1996 699 2050 eternam,
736 1981 857 2049 Notum
889 1975 994 2072 igitur
1080 1973 1174 2044 dibus
1199 1974 1244 2044 θ
1268 1973 1409 2068 Infulis,
1434 1976 1618 2070 ubicumque
1640 1969 1700 2068 esse
1722 1975 1842 2046 videre·

229 2073 380 2164 induflrie
397 2077 535 2148 omniurn
546 2075 699 2168 fidelium
717 2077 832 2149 Sanlle
849 2079 914 2150 Dei
929 2081 990 2148 Ec·

227 2177 336 2268 clesie,
352 2177 578 2274 noslrorumque
593 2195 660 2250 tam
671 2177 883 2274 presentium,
898 2203 992 2274 quam

222 2277 518 2368 futurorum‚·fieri
540 2277 700 2374 cupimus,
724 2279 802 2374 quia
825 2276 990 2352 waltfre-

226 2377 291 2451 dus
313 2374 460 2478 infignis
484 2376 652 2476 Dapifer,
672 2379 707 2450 δι
736 2379 919 2452 Percoldus
944 2382 988 2454 11·

226 2478 339 2554 lustris
363 2482 495 2554 Comes
522 2478 676 2570 Palatii,
692 2477 887 2572 dileiliffimi
903 2479 988 2572 fide.

227 2583 292 2674 les,
314 2579 371 2674 fen
393 2579 580 2665 Consilierir
603 2579 724 2670 nasei,
745 2583 899 2653 adeuntes
925 2607 989 2651 ma·

221 2681 425 2779 gnicudinem
457 2679 620 2769 norflmn,
643 2679 833 2778 suppliciter
859 2681 987 2780 sugges·

1081 2091 1135 2144 tur
1161 2073 1195 2145 in
1221 2075 1327 2148 alveis
1346 2079 1405 2146 vel
1431 2075 1596 2146 curriculis
1619 2079 1735 2165 Padi,
1753 2071 1841 2159 ficu·

1079 2176 1108 2243 ti
1133 2202 1171 2246 ex
1195 2176 1326 2272 antiquo
1350 2177 1398 2248 ad
1421 2175 1490 2272 ipsa
1515 2181 1583 2247 loca
1604 2175 1762 2270 pertinere
1786 2175 1842 2246 υἱ·

1078 2277 1220 2368 dentur,
1253 2278 1370 2374 quique
1399 2280 1444 2348 ab
1478 2277 1655 2348 bominibus
1684 2275 1767 2374 pagi
1791 2277 1840 2374 ip.

1076 2375 1143 2460 lius
1161 2377 1306 2449 Pulicini
1331 2378 1556 2465 nominantur,
1578 2399 1636 2472 per
1652 2377 1751 2464 uoflre
1770 2379 1841 2475 pie.

1080 2479 1160 2550 raris
1193 2481 1376 2574 Preceprurn
1406 2479 1633 2574 perpetualiter
1664 2479 1839 2572 donamus,

1078 2577 1302 2670 concedimus,
1339 2579 1498 2676 modisque
1536 2578 1680 2652 omnibus
1709 2577 1841 2669 flabili.

1078 2703 1169 2770 mus,
1191 2700 1350 2778 quatenus
1375 2679 1473 2774 isdem
1499 2681 1622 2754 Paulus
1646 2680 1840 2754 venerabilis

221 2783 356 2874 ferunt,
380 2801 419 2852 nt
436 2783 482 2853 ¹ob
505 2781 657 2853 divinum
689 2783 795 2877 ⁴telum
831 2783 988 2876 intuitus,
1015 2768 1053 2848 C
1077 2779 1253 2872 Pontifex,
1287 2779 1416 2882 esusque
1447 2779 1623 2878 successores
1657 2781 1840 2881 poteslatem

222 2905 464 2981 perpetuamque
489 2883 600 2980 Regni
626 2885 723 2970 noflre
744 2881 863 2955 ditioni
882 2885 985 2976 famu·

227 2985 329 3057 laneis
354 2985 465 3056 celitus
481 2982 717 3076 stabilimen,
744 2983 880 3071 Eccleste
901 2988 990 3059 beati

224 3085 369 3182 Prosperi
388 3082 572 3179 Consesforis
590 3084 711 3174 Cbrifli
720 3141 731 3177 ,
751 3084 919 3183 Regienfis
934 3089 984 3158 vi·

223 3189 337 3258 delicet
363 3187 534 3284 Episcopi,
560 3191 611 3259 eui
644 3189 769 3260 Paulus
795 3188 989 3260 venerabilis

223 3288 373 3380 Pontifex
395 3287 507 3386 preesse
521 3287 735 3385 cognoscitur,
751 3291 915 3386 quandam
934 3293 984 3362 ln·

217 3389 326 3483 fulam
342 3390 432 3484 ,iuris
451 3391 565 3486 Regni
584 3387 681 3475 noflri
704 3390 832 3474 italici,
851 3415 911 3486 que
933 3417 983 3462 no

1075 2882 1214 2955 babeant
1237 2885 1278 2954 de
1312 2887 1363 2954 bis
1387 2883 1531 2955 omnibus
1556 2885 1715 2956 rebusad
1748 2885 1840 2954 utili.

1078 3003 1174 3052 tutem
1194 2984 1251 3077 fui
1267 2983 1433 3080 Epifmpii
1448 2985 1554 3076 facere
1567 2987 1738 3078 fecundicm
1755 2985 1840 3080 quod

1077 3084 1189 3155 melius
1220 3085 1422 3183 previderint
1446 3113 1483 3160 ac
1507 3086 1724 3176 decreverint,
1753 3083 1841 3171 ficut

1075 3187 1114 3255 de
1135 3187 1245 3257 ceteris
1266 3188 1358 3259 rebus
1372 3185 1463 3282 suris
1485 3185 1582 3285 ipsius
1606 3187 1761 3279 sceleste,
1787 3213 1839 3257 ex·

1073 3286 1166 3382 pulsa
1196 3287 1299 3360 totius
1327 3289 1494 3386 potestatis
1526 3287 1763 3386 inquietudine.
1798 3289 1839 3361 sl

1075 3387 1146 3482 quis
1170 3411 1297 3478 mern,
1319 3395 1404 3486 quod
1428 3389 1558 3461 minime
1580 3390 1754 3480 credimus,
1779 3389 1836 3460 bu.

221 3489 366 3564 minatur
385 3490 551 3586 suggerio
570 3491 605 3560 in
621 3489 787 3562 Comitem
806 3491 988 3584 Brixienli,
1068 3488 1127 3582 jus
1158 3489 1259 3578 ncflre
1289 3491 1506 3583 munificentie
1541 3489 1678 3588 quolibet
1712 3489 1838 3587 ingenio

221 3591 303 3680 idefl
329 3591 413 3663 inter
434 3597 562 3663 Padum
587 3591 632 3662 Ο·
653 3596 797 3684 Zarant,
814 3617 884 3664 sttrn
905 3597 986 3665 Cur·

222 3707 275 3779 ee,
293 3693 339 3761 o
363 3693 536 3786 capara,
551 3692 608 3782 [a
628 3693 794 3785 enarre,
810 3715 908 3790 aeque
926 3695 986 3780 fir.
1016 3671 1049 3740 Ι)

221 3793 298 3880 vis,
333 3789 451 3874 mensis
485 3813 604 3886 quoque
636 3795 800 3883 omnibus,
821 3797 883 3892 qui
907 3795 987 3888 funt

222 3891 259 3963 in
285 3890 353 3988 ipsa
379 3891 509 3983 insula,
536 3893 576 3962 de
598 3891 737 3984 predicto
758 3896 924 3968 Comitatu
950 3923 984 3968 u·

215 3993 296 4090 sque
318 4017 403 4064 nune
421 3992 678 4092 pertinentibus,
698 4019 769 4064 cum
795 3997 880 4066 omni
906 3997 981 4068 inte·

218 4097 340 4194 gritate
363 4119 466 4167 renam
490 4093 655 4166 mobilium
673 4093 731 4186 seu
758 4094 984 4187 immobilium,

220 4199 277 4270 vel
300 4197 530 4292 familiarioru,
552 4217 650 4294 prout
675 4193 827 4267 bullenus
860 4197 907 4268 ad
929 4225 979 4270 no·

214 4301 318 4386 fltum
355 4301 534 4376 dominium
568 4292 753 4398 pertinuisse
791 4295 983 4392 nof'euntur,

1074 3590 1130 3660 vel
1151 3613 1338 3687 argumento
1368 3593 1511 3664 violator·
1535 3589 1696 3682 extiterit,
1722 3607 1837 3661 trecen.

1076 3712 1128 3762 tus
1148 3691 1251 3764 librat
1271 3693 1348 3766 auri
1365 3692 1471 3788 obrizi
1493 3715 1665 3788 componere
1685 3711 1837 3788 cogatur,

1077 3792 1271 3867 medietatem
1305 3793 1438 3869 Palatio
1471 3791 1592 3884 nrflro,
1618 3793 1662 3864 (7
1687 3793 1837 3864 medieta-

1075 3914 1139 3962 tem
1164 3907 1208 3964 ad
1237 3915 1362 3991 partem
1382 3893 1526 3993 prodibio
1559 3892 1717 3980 Ecclefie.
1747 3892 1838 3987 Insu-

1074 4015 1131 4088 per
1154 3994 1250 4065 etiam
1279 3996 1417 4083 infamia
1438 3995 1570 4091 publice
1601 4015 1730 4067 notatus
1752 4015 1836 4066 tam·

1075 4097 1185 4188 quam'
1197 4093 1376 4190 sacrilegus
1405 4096 1559 4167 habentur
1591 4096 1635 4166 ab
1669 4095 1835 4169 omnibus.

1077 4198 1126 4266 Er
1148 4213 1186 4266 ur
1206 4197 1322 4267 cenius
1340 4197 1506 4285 nedmur,
1528 4195 1571 4266 tr
1585 4195 1779 4292 diligencius
1796 4196 1838 4267 ab

1047 4365 1049 4370 ,
1075 4295 1219 4370 omnibus
1239 4296 1439 4390 observetur,
1464 4321 1561 4368 manu
1582 4297 1713 4394 propria
1728 4297 1838 4390 subter

217 4399 292 4497 jure
323 4403 529 4498 proprietario
559 4401 807 4474 concederemus.
838 4403 984 4497 ⁴erorrrrn
1047 4397 1298 4514 ¹fsnrurnimus,
1319 4399 1368 4470 cl*
1390 4407 1432 4472 de
1452 4397 1552 4474 anulo
1572 4401 1673 4487 noflro
1690 4395 1837 4492 figillare

217 4499 506 4599 postulationibus,
532 4503 610 4604 qnia
634 4501 739 4596 suflas
764 4502 809 4573 Θ·
842 4503 981 4576 rariora·-

220 4604 300 4676 br'les
319 4601 498 4700 fuggeffisfe
531 4607 752 4701 cognovimus,
778 4629 870 4677 aures
891 4606 980 4676 beni·
1011 4596 1041 4666 Ε

219 4705 360 4778 volentie
383 4707 483 4790 noflre
508 4705 656 4777 hilariter
680 4706 891 4797 inclinanter,
910 4726 979 4803 pre·

216 4809 286 4897 fate
312 4808 430 4877 Sanlle
464 4807 632 4903 Regr'enfis
666 4805 822 4898 Ecclefee,
848 4809 885 4878 in
919 4833 983 4904 qua

219 4913 344 4981 beatum
370 4909 514 5006 Prosperi
542 4906 728 5003 confessoris
747 4907 872 4995 Cbtiflr'
905 4917 977 4979 Cor·

213 5031 279 5105 pus
318 5010 480 5086 humatum
509 5008 623 5104 jacet,
665 5011 769 5084 Paulo
801 5011 981 5082 venerabili
991 5021 997 5072 l

219 5109 391 5208 Episcopo,
425 5111 550 5211 esusque
577 5109 794 5210 succesoribus
816 5114 862 5195 ad
887 5075 996 5208 utili-l

1134 4525 1216 4571 ΜΝ
1225 4556 1236 4577 ο

1073 4709 1099 4775 S
1101 4703 1210 4804 ignum
1240 4675 1498 5178 ᾧ
1523 4695 1771 4773 DomniKaroli
1783 4703 1840 4770 Se·

1542 4797 1693 4894 reniffimi
1717 4801 1836 4898 Regis.

1082 5213 1170 5305 Qq
1222 5229 1245 5282 2
1674 5207 1785 5276 Arne·
