4626 6152
476 445 570 556 4⁶7
808 427 1661 556 Antrournnuunnnnt
1890 443 1978 554 nn

408 554 472 647 lii,
499 562 534 630 io
570 556 718 632 Ciuitate
743 561 887 650 Verona,
913 558 947 629 in
980 561 1092 644 duno,
1122 558 1179 654 qui
1208 557 1244 630 A
1276 559 1600 636 Dccchxvtt.
1623 553 1821 656 spellam,
1841 560 1877 634 dt
1904 563 1943 634 in
1972 561 2038 634 Bo·

408 661 532 732 elicitur
554 662 729 750 conatu,
756 661 899 734 Tebaldo
922 659 1061 734 Senl'lae
1087 661 1178 730 Vero·
1272 659 1444 738 neuenuti
1469 659 1512 734 de
1540 657 1670 734 §aneto
1694 662 1851 763 Georgio
1878 661 2036 738 Hiliorit

411 761 516 849 neafis
542 762 679 848 Ecclefie
712 763 891 834 venerabili
925 763 1100 860 Episcopo,
1127 789 1181 834 aee
1276 763 1397 854 edito,
1431 762 1505 864 ejus
1533 762 1659 858 opinio
1688 762 1837 852 nititur,
1874 763 1935 838 ubi
1965 765 2037 836 lm·

410 891 474 938 arro
491 865 631 938 ..ntem
654 871 758 936 Tenea
783 863 1002 951 Veroneostunt
1026 861 1179 954 Retltre,
1276 885 1414 960 perator
1440 865 1517 938 ait:
1556 869 1722 938 Donamus
1755 885 1848 962 atqm
1878 868 2037 960 largimur

409 967 456 1038 Φ
483 967 667 1060 Eleazaro,
686 967 913 1039 Contutoribus
939 965 1101 1056 Bonifatii
1118 971 1176 1036 Ca·
1271 965 1433 1062 praeiet·
1453 967 1637 1040 medvana
1657 966 1840 1038 Marotiani
1866 991 1969 1037 omnes
1995 965 2037 1036 it·

410 1066 501 1138 atritis
527 1065 711 1153 Veronensis
741 1065 812 1158 filii
838 1069 1051 1165 Malregalati
1075 1065 1175 1138 Comi·
1273 1069 1325 1138 las
1349 1074 1459 1141 Curres
1485 1071 1507 1140 d
1538 1068 1687 1140 flamine
1712 1069 1838 1140 Taueni
1872 1067 2040 1163 usquead

410 1166 475 1240 tis.
502 1169 613 1242 Extra
641 1195 784 1242 omnem
819 1169 1092 1245 controversum
1120 1194 1178 1268 po·
1265 1169 1413 1263 fluuium
1449 1171 1588 1262 Urbem,
1624 1172 1669 1240 <9¹
1702 1171 1747 1243 ad
1781 1169 1878 1243 Lim
1902 1169 2038 1262 Meris,

410 1265 515 1343 litum
543 1269 612 1359 eli,
637 1270 874 1348 veronensem
905 1273 1079 1370 Populum
1103 1274 1176 1343 lon·
1273 1297 1401 1367 quorum
1426 1273 1555 1344 nomina
1574 1273 1654 1366 sune
1681 1271 1784 1346 haee:
1816 1276 1928 1366 Dego,
1965 1276 2033 1342 Ba·

410 1395 455 1472 ge
482 1389 565 1447 ante
592 1371 812 1448 Friderirum
842 1377 870 1447 Ι.
896 1374 1102 1448 libertatem
1127 1397 1179 1445 ar·
1267 1375 1403 1468 guasco,
1428 1373 1604 1470 Ballangio
1627 1375 1697 1446 &a
1730 1371 1795 1448 Sed
1815 1370 2038 1448 animadver-

411 1472 585 1572 ripuill'e,
621 1475 784 1573 nullique
813 1475 955 1550 Comiti
990 1475 1036 1548 ab
1066 1475 1178 1572 lmpe·
1212 1497 1240 1568 Β
1272 1475 1417 1548 tendunt
1452 1472 1652 1566 ests-ihil
1687 1475 1725 1548 iu
1753 1501 1797 1549 eo
1827 1475 2039 1574 Diplontate

407 1573 594 1650 raroribus
606 1575 801 1650 ronllituto
818 1575 920 1652 fuilse
935 1576 1015 1650 illic
1035 1577 1179 1666 locum,
1271 1576 1328 1694 agi
1352 1576 1395 1650 de
1413 1577 1554 1650 Martha
1574 1577 1839 1670 Manrirserrari,
1863 1577 1963 1674 eujus
1986 1602 2039 1650 rc·

409 1701 612 1774 quanquam
654 1677 987 1756 San·Bonilaciana
1026 1675 1178 1751 Familia
1270 1701 1391 1850 pumen
1417 1678 1554 1752 tradere
1584 1678 1736 1754 minime
1761 1703 1839 1754 etot
1866 1675 1936 1754 luit
1963 1678 2038 1778 eju·

410 1777 476 1852 aliu
503 1779 697 1873 perrexerit
733 1779 893 1856 habitare
923 1781 964 1854 in
988 1805 1029 1854 ea
1058 1779 1178 1870 Urbe,
1287 1777 1386 1852 modi
1420 1777 1610 1856 formulis.
1647 1779 1705 1854 lbi
1738 1791 1848 1853 eones
1879 1797 2038 1854 tantum·

411 1879 609 1978 multisque
629 1879 824 1958 honoribus
841 1881 936 1974 frui,
956 1880 1073 1955 immo
1090 1899 1175 1954 tem·
1271 1881 1381 1954 modo
1412 1885 1505 1955 Otto
1540 1882 1651 1958 donat
1684 1883 1720 1956 dr
1757 1877 1970 1968 confirmat,
1998 1883 2035 1954 ἃ

411 2007 499 2083 pora
535 1981 697 2076 luerint,
730 1985 858 2082 quibua
895 1981 1178 2058 dominationem
1269 1983 1306 2054 in
1327 1983 1381 2083 jus
1402 1982 1588 2058 Aledraati
1607 1981 1847 2058 transfundit.
1865 1987 1947 2058 Hoc
1966 1981 2039 2076 et,

410 2083 601 2184 quamdam
630 2086 823 2184 receperit.
854 2087 989 2160 Verium
1025 2082 1176 2158 Frideri·
1269 2083 1321 2156 ibi
1341 2086 1529 2160 dumtaxat
1549 2085 1667 2187 agitur
1691 2085 1734 2160 de
1751 2087 1925 2177 Allediir,
1951 2111 2036 2182 qua·

301 2267 308 2274 ,
411 2183 626 2284 tociusque
654 2186 901 2262 successoribus
929 2187 1087 2286 placuit,
1112 2184 1177 2258 Ti·
1269 2183 1319 2260 lia
1344 2183 1439 2262 lutere
1463 2194 1596 2278 Curres,
1620 2185 1676 2260 uti
1700 2185 1742 2259 in
1765 2185 1947 2260 Differtat.
1971 2189 2035 2262 xl.

410 2287 532 2360 tulum
569 2287 694 2362 saltem
729 2288 882 2364 ditionis
907 2286 1116 2364 continuare
1141 2287 1179 2360 in
1269 2289 1385 2388 palam
1420 2285 1510 2380 fiet,
1546 2290 1580 2360 de
1617 2285 1790 2360 iormulae
1827 2285 1922 2384 ipsae
1954 2311 2035 2385 pro·

411 2387 568 2464 Familia
594 2389 783 2467 Comitum
809 2389 853 2466 de
880 2388 1012 2466 Sauliio
1036 2385 1176 2462 Bonifa-
1208 2379 1239 2452 C
1265 2391 1378 2464 dunt:
1407 2415 1479 2462 nou
1507 2395 1591 2464 verd
1617 2388 1662 2462 de
1689 2385 1884 2480 Beuufieiit,
1911 2386 2034 2486 qualia

410 2488 494 2579 cio,
531 2491 630 2588 cuius
666 2493 827 2594 Maiores
861 2517 935 2566 non
969 2489 1104 2565 Titulo
1128 2488 1178 2564 so·
1267 2483 1913 2579 lueruntMmcltae‚Comitatuedtc.
1933 2493 2035 2582 Qua·

276 2623 280 2638 ·
408 2581 502 2664 llum
527 2589 584 2664 sed
618 2593 728 2668 etiam
756 2621 791 2668 ee
817 2595 1047 2668 comitatum
1080 2591 1180 2666 illius
1268 2595 1426 2668 mobreru
1456 2593 1628 2692 Diploma
1654 2589 1743 2664 illud
1773 2589 1935 2664 invitum
1962 2609 2035 2664 tra·

414 2689 526 2765 Urbis
561 2709 769 2768 tenuerant.
805 2698 934 2794 Neque
957 2693 1063 2768 refert
1089 2693 1178 2792 obji
1266 2693 1327 2766 luat
1354 2695 1398 2768 ad
1430 2691 1767 2768 Moutirierratenlit
1795 2690 1966 2766 Marthae
1994 2687 2038 2764 su·

411 2817 515 2878 aere,
550 2794 827 2888 Mediolanum,
859 2795 967 2894 eique
989 2794 1175 2870 contermi·
1269 2821 1329 2870 nes
1355 2793 1584 2870 indicandos.
1610 2799 1660 2868 Et
1686 2793 1872 2894 praecipue
1898 2819 2036 2888 quum,

407 2919 475 2970 aar
502 2897 619 2972 Urbes
652 2897 794 2996 jacuill'e
832 2897 871 2972 ia
898 2896 1021 2972 medio
1053 2897 1179 2972 ltaliae
1267 2917 1307 2972 ue
1342 2895 1434 2970 infra
1469 2895 1613 2988 dicam,
1646 2899 1704 2970 uel
1740 2898 1856 2968 Auno
1887 2897 2039 2970 mutu.

406 2999 566 3098 Regno,
590 3023 710 3175 Mine
733 2997 812 3078 fitaa
838 3005 883 3074 ael
908 2999 1027 3072 linires
1046 2999 1177 3096 Regni,
1268 2999 1405 3070 Martha
1429 3003 1581 3072 Santrae
1614 3012 1800 3084 occurrat,
1836 2995 1872 3068 dt
1900 2993 1965 3070 uix
1991 2997 2039 3072 de

405 3123 453 3172 ex
490 3125 562 3196 quo
601 3099 641 3174 el
664 3129 746 3178 uere
780 3103 890 3202 pollet
917 3101 956 3174 in
984 3098 1205 3176 Praelidem‘
1269 3098 1488 3196 antiquitate
1513 3103 1667 3172 marera
1701 3103 1831 3176 Geuuee
1866 3095 2036 3172 dubitan-

410 3201 614 3272 Marebiam'r
649 3205 869 3304 appellatio.
905 3199 1205 3277 Mediolanenfis·
1267 3201 1352 3274 duur
1371 3199 1434 3290 fit,
1455 3203 1506 3274 ita
1533 3219 1573 3274 ut
1601 3198 1706 3272 lateri
1725 3223 1913 3296 cogamur,
1936 3225 2033 3297 prae·

409 3298 510 3374 enim
546 3303 708 3376 Marcltia
739 3329 822 3378 erm
858 3302 981 3378 Terris
1008 3329 1048 3376 aa
1074 3301 1176 3376 Ciui·
1209 3289 1402 3390 Detusem
1429 3299 1528 3375 luille
1552 3303 1708 3374 Manebat
1731 3299 1971 3390 Montissmari
1994 3327 2033 3374 a.

413 3401 550 3478 tatibus
574 3400 637 3478 libi
665 3403 882 3508 subjunilit,
918 3402 1036 3478 uti&
1064 3429 1183 3494 nune,
1266 3403 1386 3476 ditum
1410 3402 1457 3475 ad
1488 3401 1708 3501 Ligullicum
1744 3404 1872 3474 Mare.
1902 3401 2034 3492 Adde,

411 3503 635 3606 pertingebat
666 3507 759 3582 olint
788 3507 834 3582 ad·
864 3506 951 3580 fines
987 3505 1178 3580 Helvetiae
1267 3507 1411 3578 alteram
1429 3529 1569 3675 ,unque
1591 3505 1776 3576 Marcham
1798 3502 1834 3575 in
1855 3499 1930 3602 ipso
1949 3505 2032 3577 Me·

411 3631 450 3678 ac
480 3605 655 3699 thetiae,
688 3607 759 3682 tm
788 3606 1052 3696 Alamanniae,
1074 3608 1109 3678 lt
1136 3605 1177 3678 ad
1252 3604 1459 3678 diolanent
1487 3602 1600 3676 trafiu
1629 3603 1719 3676 olim
1748 3602 1944 3677 inllitutam
1974 3599 2031 3678 ui·

413 3706 653 3798 Seduoensca,
692 3709 755 3806 qui
791 3705 1022 3806 hngundico
1055 3709 1178 3804 Regno
1265 3705 1361 3798 deri,
1388 3703 1411 3778 fi
1439 3701 1529 3778 fider
1547 3707 1761 3778 Gualvaneo
1781 3703 1825 3778 de
1852 3707 1887 3779 la
1912 3709 2030 3780 Flana-

410 3803 591 3882 luluiuniii
626 3826 748 3900 erant,
788 3827 896 3906 atque
929 3805 1021 3882 adeo
1042 3806 1176 3882 limita·
1251 3835 1322 3882 -ma
1358 3808 1400 3882 'm
1432 3806 1611 3906 Manipul.
1649 3809 1748 3882 flor.
1780 3806 1880 3882 edito
1909 3811 2036 3884 Tomo

408 3931 475 3980 nea
504 3927 578 3983 erat
606 3909 728 3986 italici
755 3910 893 4012 Regni.

460 4007 571 4102 Hisce
609 4009 725 4102 adde,
763 4015 893 4088 Secuto
925 4039 1071 4112 quoque
1104 4015 1173 4086 De·

1267 3913 1332 3982 xl.
1356 3913 1439 3982 Rer.
1464 3908 1582 3982 italic.
1616 3911 1764 4006 Loquor
1790 3911 1835 3982 de
1867 3911 2032 4004 Monese-

1266 4039 1330 4109 na,
1368 4009 1558 4086 Provincia
1585 4007 1655 4083 live
1682 4009 1825 4104 regione
1857 4037 2031 4084 memora·

407 4109 505 4184 aimo
525 4109 749 4188 efformatam
766 4111 866 4190 luille
885 4117 1057 4186 Marciam
1075 4119 1174 4186 Moru·
1265 4131 1301 4186 ta
1328 4112 1371 4186 in
1403 4111 1561 4212 antiquit
1587 4101 1861 4186 Mediolanenfis
1898 4111 2030 4210 Populi

406 4213 588 4305 adsumi,
614 4241 723 4314 quarn
748 4235 834 4290 tunc
861 4211 1039 4316 pertigille
1063 4214 1104 4286 ad
1131 4213 1173 4288 li·

405 4318 513 4390 mitet
548 4316 695 4416 Regni,
728 4343 838 4390 nemo
870 4316 1039 4391 hattenue
1063 4313 1172 4389 osten·

406 4415 485 4492 dit.
521 4419 617 4492 Nam
654 4419 752 4516 quod
784 4416 1004 4492 doiiilstmue
1040 4416 1174 4492 amicus

405 4545 506 4594 meus
534 4520 575 4593 in
602 4519 782 4592 Dillertat.
805 4518 1050 4619 Cboroptaph.
1079 4545 1174 4612 prae·

404 4621 518 4720 posita
538 4625 660 4696 Tomo
678 4625 725 4694 X.
742 4624 826 4694 Rer.
843 4621 996 4694 italicar.
1020 4619 1174 4694 Sestion.

403 4729 475 4798 XI.
512 4747 609 4800 nunt.
643 4747 706 4822 43.
748 4719 965 4809 contendit,
1004 4720 1173 4796 Marchae

404 4823 511 4924 hujus
537 4824 716 4900 ditionem
742 4822 852 4922 ulque
878 4821 924 4894 ad
951 4821 1171 4922 Ligusticum

405 4953 503 5002 mare
526 4927 738 5017 excurriffe,
765 4923 906 4998 idoneis
929 4925 1064 4998 rabulis
1086 4949 1171 4998 non»

398 5029 493 5104 dune
519 5025 701 5106 firmatum
728 5045 839 5128 puto.
867 5029 951 5098 Uno
977 5025 1173 5124 diplomate
1198 5097 1201 5112 ,

403 5127 559 5206 ononis
590 5131 722 5235 Magni
757 5127 909 5232 Augusti
945 5127 990 5202 ad
1024 5131 1195 5212 Annum.

1202 4211 1233 4280 Ε
1265 4213 1455 4302 Historiis,
1481 4231 1586 4310 atque
1611 4213 1704 4314 apud
1725 4217 1896 4286 ottonem
1920 4215 1955 4286 ἃ
1976 4217 2031 4286 A·

1265 4318 1410 4390 corbum
1433 4319 1620 4390 Moreuam
1649 4315 1847 4391 Laudeuses
1874 4314 2029 4390 Histori-

1265 4443 1324 4492 cot
1360 4419 1550 4516 evulgatos·
1577 4419 1699 4491 Tomo
1726 4421 1794 4490 Vl.
1826 4417 2032 4493 carumdem

1266 4524 1348 4594 Rer.
1371 4519 1526 4594 ltalicat.
1551 4521 1648 4594 lntet
1671 4517 1837 4594 Abduatn
1861 4523 1897 4594 ἃ
1920 4525 2029 4596 Lam·

1265 4623 1398 4711 brum,
1431 4619 1595 4696 Tristano
1631 4619 1771 4696 ealcho
1805 4621 1914 4714 telle,
1951 4647 2029 4722 pro-

1264 4722 1472 4797 tendebatur
1526 4721 1611 4797 laaee
1659 4723 1764 4824 regio
1804 4723 1846 4798 ad
1889 4740 2028 4798 montes

1263 4821 1466 4914 Briantiae,
1505 4823 1648 4922 ejusque
1682 4842 1787 4922 capu-t
1816 4823 1886 4899 fuit
1916 4823 2028 4902 Vicus

1262 4929 1464 5002 Mereatur.
1499 4926 1614 5025 igitur
1651 4925 1852 5003 Mediolani
1891 4927 2031 5006 Praeler
2176 4983 2179 4988 -

1263 5026 1406 5102 uetustis
1437 5029 1574 5102 Suculis
1608 5028 1622 5126 (
1639 5028 1661 5101 st
1689 5029 1833 5128 inquam
1873 5033 2033 5106 Gualva·

1263 5155 1334 5206 ooo
1357 5127 1555 5206 adulata
1580 5127 1665 5206 fides
1692 5131 1739 5207 cst
1771 5133 1825 5210 ita
1861 5132 2030 5340 [εὲἱξῃτὶ
