4602 6136
347 461 429 549 ¹05
618 431 1141 524 DISSERTATIO
1187 429 1558 524 SECUNDA.'
1764 439 1850 519 106

272 547 334 645 fiee
360 552 838 639 omerinenfieereoemus
856 552 871 650 (
887 549 957 628 live
980 557 1100 626 lle-ll
1135 545 1219 622 dum
1245 549 1378 627 Hilior.
1404 553 1489 630 Lib.
1517 579 1551 628 2.
1576 553 1666 650 Cap.
1689 551 1746 625 18.
1772 567 1909 622 memo·

279 653 1046 839 mlt'lllllil‘lliilliilill
1134 649 1826 852 ‘ilillillpilill‘llsll
1843 655 1909 824 ci

280 858 517 950 Pisaurieelis:
541 860 699 928 Rnbereus
725 857 960 942 Humenenlis:
979 863 1042 930 De·
1135 853 1215 926 dem
1241 853 1285 926 de
1312 855 1425 926 ilberto
1451 858 1498 926 θ
1515 861 1647 953 Hagmee
1671 853 1830 928 Ducibus
1857 853 1908 926 lc·

279 960 397 1033 baldus
430 957 626 1041 Perufinus:
662 962 778 1030 Petrus
809 959 1047 1034 Ausimanus:
1134 979 1218 1054 gas.
1247 956 1435 1054 Reperitur
1460 955 1570 1030 etiam
1597 961 1751 1029 omrem
1777 953 1906 1045 Firmi,

280 1061 445 1134 Riesrdns
468 1058 629 1132 Reatinus
642 1084 660 1126 .·
682 1061 873 1132 oidelardus
899 1059 1044 1134 Callim-
1133 1057 1168 1128 oe
1196 1055 1347 1130 Marebia
1372 1057 1566 1150 Guarserii,
1593 1053 1663 1129 five
1696 1057 1908 1129 Ascanium

271 1161 350 1248 fis:
374 1164 533 1236 Albenses
552 1159 766 1244 ludonensis:
784 1161 1045 1264 (Typograpbi
1136 1155 1246 1230 serius
1283 1175 1394 1251 nata,
1421 1160 1519 1260 cujus
1563 1155 1676 1233 adbuc
1712 1156 1906 1256 appellatio

280 1283 342 1340 aut
369 1261 529 1338 Librarii
565 1258 707 1334 inscitid
741 1281 928 1362 comptum
953 1283 1047 1338 certe
1137 1257 1263 1351 durat,
1288 1259 1324 1333 ἀ
1352 1259 1395 1336 de
1421 1259 1617 1359 quasermo
1635 1260 1906 1334 recurret.Pot·

278 1369 443 1461 nomen)
467 1364 626 1438 Alienus
650 1361 855 1446 Urbiemlis:
872 1366 1048 1438 severinus
1137 1359 1255 1436 tiones
1280 1358 1363 1436 iliae
1387 1359 1529 1438 suerunt
1564 1359 1718 1465 ejusdem
1744 1361 1905 1463 Spoleta·

278 1464 501 1538 Narnienses:
519 1463 778 1538 Bartholomaeus
794 1466 1105 1560 Forelioienfierss
1138 1461 1177 1536 ui
1205 1465 1385 1538 Ducatus.

277 1569 441 1663 rengerius
463 1561 700 1650 Teremnenfis.
726 1567 835 1663 Quod
854 1567 901 1643 eil
922 1567 965 1643 ad
984 1573 1048 1641 fo·
1189 1563 1257 1639 Sed
1275 1581 1373 1662 petat
1398 1565 1550 1666 aliquis:
1576 1591 1694 1643 nonne
1715 1564 1754 1640 in
1775 1561 1903 1644 Adria·

276 1667 475 1752 relioimlem
500 1665 739 1768 Episcopum,
765 1669 805 1744 in
831 1671 966 1746 Charta
994 1670 1046 1745 vi·
1137 1663 1176 1740 ni
1222 1669 1251 1741 1.
1288 1670 1401 1768 Papae
1427 1667 1528 1771 gellis
1564 1667 1655 1766 apud
1681 1665 1900 1743 Anailafium

275 1769 368 1842 tium
388 1768 534 1866 aliquod
552 1771 662 1845 latet.
680 1769 826 1847 Civitas
843 1771 940 1847 enirn
964 1769 1048 1846 baec
1139 1767 1223 1842 baec
1250 1766 1381 1844 donata
1399 1768 1574 1847 Ecclesiae
1591 1775 1772 1846 Romanae
1791 1770 1811 1841 l
1830 1771 1901 1843 Ca·

273 1867 560 1954 arlSpoletanum
577 1875 753 1948 Donatum
765 1899 958 1974 numquam
971 1902 1040 1974 per·
1137 1871 1217 1944 nolo
1243 1873 1382 1972 Magno
1417 1873 1569 1974 legimus
1594 1899 1676 1948 cum
1712 1870 1782 1948 suis
1817 1865 1900 1945 fini·

271 1969 408 2046 tinuit.
431 1971 622 2073 Ugbellius
640 1974 734 2048 idem
754 1976 874 2050 statuit
884 1977 927 2050 ad
948 2003 1045 2053 eum·
1137 1973 1224 2048 bus:
1253 1974 1411 2048 Amnis
1424 2002 1491 2046 eum
1505 1975 1617 2067 Insula
1629 1975 1786 2064 Cerfica;
1807 1972 1900 2045 dein·

272 2069 356 2146 dem
382 2077 529 2148 Annum
553 2079 913 2152 occhxxxvll.
941 2087 1043 2177 Rege·
1134 2075 1175 2144 de
1210 2075 1245 2146 in
1279 2081 1449 2148 suriano:
1472 2076 1587 2148 misle
1612 2077 1647 2148 is
1673 2082 1787 2149 Monte
1812 2081 1900 2148 Bar·

271 2174 357 2246 ritem
376 2177 565 2274 Episcopum
588 2180 860 2274 forolivienlem,
887 2207 960 2256 non
985 2208 1042 2256 ve.
1133 2177 1375 2264 dme;deimde
1400 2177 1435 2248 is
1463 2183 1588 2250 Verrem
1598 2178 1741 2250 :deinde
1757 2179 1792 2250 in
1819 2184 1900 2250 Pae.

271 2281 315 2350 rb
330 2279 606 2352 Bartholomneum
624 2279 739 2358 eidem
756 2281 910 2358 Chartae
924 2285 1042 2360 Tbeo·
1134 2303 1188 2352 ma
1198 2304 1215 2347 .·
1227 2279 1341 2350 deinde
1356 2279 1393 2350 ire
1405 2280 1538 2378 Regio:
1549 2280 1594 2352 Θ
1607 2280 1723 2354 esinde
1739 2279 1775 2352 in
1793 2283 1899 2352 nun·

271 2375 360 2453 dolii
384 2379 544 2455 Firmani
568 2379 864 2478 subscribentem,
885 2388 996 2462 Tom.
1010 2411 1045 2461 a.
1075 2402 1108 2474 c
1133 2399 1213 2470 Μ,
1238 2405 1332 2476 atque
1358 2385 1473 2454 Monte
1497 2383 1610 2456 Silicis
1628 2411 1651 2472 ‚⁸
1666 2381 1827 2479 ΛΜΨ
1852 2382 1898 2451 θ’

271 2479 399 2555 ltaliae
431 2487 579 2559 Sacrae.
605 2486 715 2579 Quod
742 2487 897 2581 mirere,
932 2491 1042 2565 Tom.

269 2582 300 2654 1.
327 2581 366 2658 in
393 2581 578 2686 Episcopis
606 2587 819 2688 Aprutinie,
847 2585 917 2664 sive
948 2593 1042 2666 inte·

269 2685 533 2780 ramnenfibus,
570 2695 743 2788 Regerium
768 2691 873 2766 nobis
898 2691 1045 2769 exbibet

268 2789 535 2881 interamnensem
569 2791 757 2890 Episcopum
786 2793 853 2890 (di
878 2797 1043 2897 reram)

268 2887 386 2960 eidem
412 2891 568 2962 Cbartae
608 2894 793 2968 firmanae
828 2893 1042 2970 subscriben-

269 3003 365 3060 tem.
392 2988 487 3062 Vide
510 2991 620 3064 etiam
647 2991 818 3067 Chartam
852 3020 930 3096 pag.
957 2999 1042 3074 806.

268 3087 442 3164 Chronie.
485 3091 704 3169 &laudens
747 3101 856 3169 Anno
893 3099 1040 3176 DCCC·

267 3193 439 3267 Lcmv.
465 3190 655 3286 scriptam,
675 3195 737 3270 ubi
764 3197 895 3286 dieses:
918 3199 986 3274 laea
1008 3203 1043 3276 ie

1132 2479 1317 2573 meinersnm
1329 2485 1547 2559 Exercbatum
1561 2485 1829 2574 Rauennatium,
1846 2479 1897 2566 fi·

1132 2601 1185 2654 can
1208 2584 1390 2682 antiquitus
1403 2607 1499 2676 erat,
1520 2610 1615 2684 aeque
1635 2587 1821 2684 provincias
1836 2589 1896 2656 Ve-

1134 2686 1294 2758 meierum
1307 2741 1321 2778 ,
1334 2687 1377 2758 θ’
1401 2687 1579 2776 Histriam,
1606 2715 1660 2761 nee
1679 2715 1740 2760 non
1764 2688 1809 2759 θ
1821 2713 1897 2758 ems·

1133 2785 1219 2860 Hem
1232 2793 1393 2862 Dircaeum
1416 2792 1641 2888 spolitinum,
1661 2792 1705 2861 (9
1728 2795 1896 2864 Beneuen·

1139 2889 1338 2962 eanumrsi
1363 2889 1447 2964 baec
1475 2917 1558 2964 vera
1587 2889 1694 2981 sunt,
1718 2891 1788 2989 jam
1817 2893 1895 2962 Ao·

1134 3015 1183 3063 no
1207 2987 1339 3065 Christi
1368 2991 1642 3066 DCCLXXlV.
1681 2989 1798 3062 italici
1827 2991 1895 3064 Ro·

1131 3089 1194 3192 gni
1221 3115 1299 3190 pars
1325 3085 1425 3165 desiit
1440 3092 1505 3167 else
1522 3097 1667 3165 Ducaem
1683 3091 1894 3188 spoletanus.

1136 3191 1260 3266 Paucis
1285 3188 1746 3294 respondeo.lnterpolatus
1772 3191 1814 3266 lit
1839 3194 1894 3267 lo·
2043 3249 2045 3254 .

265 3293 466 3390 Spoletinis,
503 3293 588 3368 idest
624 3301 823 3399 complures
857 3299 1040 3378 Civitates
1072 3313 1105 3384 D
1133 3319 1196 3368 tus
1219 3293 1284 3368 ille
1312 3293 1480 3395 Anoiltsti
1499 3313 1669 3397 oportet,
1693 3322 1803 3395 quum
1830 3295 1894 3369 do·

266 3395 450 3494 spoletani
479 3399 639 3473 Ducatus
674 3419 959 3477 enumerantur.
998 3408 1038 3478 ln

266 3493 365 3572 bisce
388 3517 503 3572 totam
529 3497 637 3575 serme
663 3501 878 3578 delineatam
904 3503 1037 3606 conspi-

266 3599 319 3674 cis
344 3599 541 3699 imaginem
566 3603 749 3700 spoletani
779 3609 937 3680 Ducatus
962 3611 1034 3682 Sae·

266 3701 353 3774 celo
377 3705 514 3793 Nono,
541 3703 601 3778 cui
627 3723 750 3780 tamen
773 3734 818 3782 ex
844 3707 926 3782 aliis
963 3735 1035 3784 nto

265 3801 448 3876 nomentio
475 3805 587 3880 multa
614 3804 717 3900 scunt,
751 3835 844 3908 quae
867 3807 1030 3910 adjician-
1065 3819 1068 3824 ’

264 3919 353 3976 tue.
378 3908 498 4000 Atque
524 3904 576 3981 ita
603 3905 639 3982 se
661 3937 717 3984 res
743 3910 893 3986 babebat
929 3913 1039 3986 Anno

265 4007 573 4082 DCCCLXXIV.
600 4011 636 4082 dc
679 4015 1038 4096 DCCCthva.

265 4109 351 4201 Qsm
375 4124 498 4182 autem
521 4108 664 4187 ratione
675 4115 801 4189 Secslo
818 4117 933 4190 Nono
953 4119 1034 4210 Spo

1134 3393 1275 3471 nationi
1310 3413 1385 3470 tam
1421 3399 1559 3497 amplae
1593 3425 1637 3472 ac
1674 3395 1892 3499 magnifice,

1131 3525 1221 3598 quae
1246 3523 1393 3573 omnem
1427 3498 1498 3574 sere
1534 3499 1678 3574 ltaliam
1705 3500 1892 3596 complexa

1130 3597 1273 3692 suisset,
1295 3597 1520 3676 adversentur
1538 3599 1737 3693 Historiae,
1757 3603 1794 3672 δι
1815 3625 1892 3672 mo·

1132 3719 1299 3776 oumeuta
1325 3727 1484 3802 quaeque
1499 3701 1629 3778 veteris
1655 3701 1775 3778 aeri.
1807 3703 1892 3774 Pro·

1130 3802 1230 3879 disse
1256 3823 1377 3878 autem
1410 3824 1657 3880 commentum
1688 3802 1781 3880 illud
1813 3808 1893 3878 Sae-

1130 3907 1213 3980 culo
1237 3907 1377 3980 tantiam
1415 3907 1641 4000 Undecimo,
1664 3905 1749 4008 julla
1784 3903 1893 4006 suspi-

1129 4005 1233 4082 csndi
1258 4006 1353 4082 ratio
1377 4007 1452 4082 esi:
1479 4028 1564 4084 tone
1588 4009 1686 4084 enim
1713 4012 1892 4084 Noeman·

1130 4108 1187 4183 nis
1212 4106 1514 4186 consentientibus
1529 4165 1544 4202 ‚
1558 4110 1713 4185 Romani
1741 4105 1891 4184 Pontifi-

264 4209 404 4284 letanus
420 4213 602 4303 Dueatus,
628 4213 692 4311 qui
719 4217 850 4290 italico
877 4215 964 4316 Regi
980 4218 1034 4291 ad
1067 4221 1093 4289 Ε
1131 4235 1186 4286 ces
1213 4209 1267 4308 jus
1294 4208 1359 4284 ssbi
1384 4211 1603 4308 poaesserunt
1628 4210 1671 4284 in
1709 4215 1892 4286 Beneven-
1943 4280 1947 4286 .

263 4307 334 4385 buc
360 4309 521 4400 suberat,
551 4318 751 4411 Pentapolim
777 4317 911 4414 ipsam,
930 4317 1036 4392 dona·

261 4427 338 4484 tam
359 4431 461 4488 antea
496 4413 668 4491 Ecclebae
705 4423 919 4511 Romanae,
941 4445 1035 4494 com·

261 4511 510 4614 pleiieretue,
542 4516 624 4592 aliie
651 4517 901 4618 inquirendum
931 4521 1031 4596 telin

259 4641 370 4714 quo.
392 4613 559 4716 Ejusdem
583 4628 668 4696 verb
704 4625 862 4698 Ducatus
895 4625 947 4696 vel
976 4649 1031 4696 am

258 4715 378 4816 tiquis
402 4722 621 4808 temporibus
653 4721 744 4798 faiis
780 4723 851 4798 suit
885 4721 1034 4815 dioillo,

259 4837 370 4916 atque
394 4818 483 4894 inde
514 4821 697 4898 efformata
737 4826 893 4900 semrom
924 4831 1032 4898 Came

258 4921 356 5011 rimi,
393 4947 469 5020 que
503 4941 623 4998 tamen
660 4953 727 5000 una
763 4953 847 5002 eum
891 4929 1057 5024 Spoletow

260 5021 323 5094 uni
352 5040 463 5120 atque·
497 5024 617 5098 eidem
655 5026 817 5128 reincipi
852 5027 1063 5119 consuevit]

260 5121 355 5200 olim
378 5125 535 5232 regendo
555 5125 674 5208 trad.
702 5129 816 5234 Apud
837 5129 1028 5234 Liutpras

1130 4331 1251 4388 tantam
1290 4315 1501 4406 meatum,
1544 4311 1609 4414 qui
1644 4313 1758 4410 poslea
1782 4311 1891 4388 eoasst

1117 4419 1290 4514 ‘Regnum
1308 4414 1611 4515 Neapolitanum.
1634 4419 1745 4494 Certe
1769 4413 1829 4489 sub
1857 4417 1891 4486 1·

1134 4517 1239 4590 taliae
1258 4515 1412 4618 Regibus
1437 4545 1498 4616 per
1516 4519 1623 4620 longa
1641 4535 1802 4618 tempora
1816 4539 1892 4610 pee-

1133 4637 1298 4693 reuerunt
1313 4619 1379 4694 elle
1395 4619 1519 4696 italici
1535 4618 1649 4716 Regni
1680 4613 1894 4692 Provinciae

1131 4719 1285 4811 strena,
1335 4721 1464 4814 mnia,
1500 4723 1536 4795 ἀ
1575 4728 1720 4794 memus
1743 4715 1890 4812 spolera-

1128 4847 1189 4895 mee
1212 4846 1252 4894 ac
1277 4827 1551 4920 beneventum
1576 4845 1687 4918 oeque
1712 4818 1755 4892 in
1778 4815 1889 4893 ditio·

1128 4949 1212 4998 nem
1248 4923 1421 5000 Ecclebae
1449 4929 1630 4998 Romanae
1654 4917 1893 4995 transerunt.

1116 5029 1244 5098 lamo
1271 5029 1468 5100 Exarcatus
1481 5020 1558 5120 ipse
1573 5047 1613 5097 ac
1646 5019 1891 5122 Pentapolis,
1919 5031 1927 5046 ’

1126 5127 1546 5228 quaetcououegm
1571 5122 1738 5202 Adriano
1758 5129 1888 5304 illem

1815 5250 1841 5310 a
