4602 6136
302 449 399 565 ς·
593 425 1500 528 orssnrrarrornrrta:
1588 508 1591 514 .
1766 456 1797 540 e

240 564 420 660 veteribus
445 555 559 650 fides,
595 584 640 633 ne
666 552 833 630 foeminis
859 548 1003 650 quidem
1022 553 1058 626 A
1091 551 1242 648 dogofios
1266 557 1437 628 Gothorum
1456 559 1556 646 Rex,
1582 557 1646 657 qui
1673 556 1772 659 supra
1791 559 1857 639 clu·⁸
1934 579 1941 595 ·

242 665 426 770 puerisque
452 659 697 748 computatis,
723 654 893 752 usquein
920 655 1003 727 Gal·
1092 675 1193 726 centa
1219 680 1433 734 armatorum
1451 655 1639 734 hominum
1667 663 1785 739 millia
1804 663 1855 740 se·
1985 700 1988 706 ·

241 771 308 843 lias
342 771 376 841 8(
406 765 547 840 Italiam
585 776 834 858 penetrarunt,
869 755 1004 846 rapinis
1087 779 1171 854 cum
1196 756 1339 831 traxille
1364 759 1499 854 fertur,
1536 762 1680 865 jamque
1714 765 1753 839 in
1781 771 1854 840 Ita·

242 897 283 944 ac
301 868 464 944 caedibus
491 861 660 958 nusquam
681 879 879 958 parcentes.
906 861 1002 930 Con·
1085 855 1158 931 liae
1193 856 1327 933 viscera
1362 883 1585 958 penetrarat,
1621 869 1641 938 a
1676 868 1852 946 Stilicone

239 971 328 1070 tigit
349 971 414 1042 hoc
434 987 575 1040 centum
597 962 668 1035 sere
688 960 787 1034 annis
807 976 889 1033 ante
910 961 1002 1059 Epo·
1088 954 1312 1033 famosissimo
1331 957 1419 1034 duce
1438 963 1595 1038 mirabili
1621 965 1773 1044 visioria
1791 972 1853 1046 de·

241 1072 343 1147 cham
364 1067 526 1146 Christi.
558 1067 678 1137 Tanta
704 1087 790 1136 vero
816 1060 1003 1134 hominum
1085 1060 1177 1134 letus
1204 1061 1243 1135 in
1277 1060 1410 1136 Tuscia
1437 1060 1533 1137 suit.
1571 1067 1704 1143 Nihilo
1728 1089 1850 1148 tamea

242 1172 440 1248 multitudo
482 1191 555 1240 non
592 1175 666 1238 ‘uno
702 1163 839 1262 proelio
859 1162 1004 1237 ‘attrita
1086 1159 1196 1238 secius
1231 1162 1295 1238 vix
1338 1164 1441 1264 pauci
1480 1161 1695 1242 effluxerunt
1735 1174 1850 1271 anni,

241 1276 290 1349 est
316 1278 336 1346 h
365 1269 485 1343 Mario
520 1264 736 1366 potissimum
771 1267 809 1360 dt
844 1266 1005 1358 Catulo,
1086 1291 1196 1363 quum
1229 1264 1388 1338 ,Alaricus
1414 1267 1503 1340 alter
1536 1268 1709 1342 Gothorum
1745 1279 1851 1371 Rea,
1952 1345 1954 1348 .

242 1371 452 1450 fortiffimis.
477 1369 629 1444 Romani
668 1367 796 1470 Populi
830 1367 1004 1442 ducibus.
1086 1369 1128 1440 ab
1153 1365 1503 1460 eodem-Stilicone,
1533 1367 1688 1468 perfido,
1716 1401 1755 1446 ac
1777 1403 1852 1451 am.

245 1475 459 1552 Procedente
485 1478 570 1544 vero
606 1489 765 1568 tempore
792 1468 854 1543 sub
881 1472 1004 1572 hugu-
1028 1471 1057 1542 B
1088 1467 1236 1546 bitionis
1263 1468 1397 1544 facibus
1424 1468 1612 1564 succenso,
1638 1473 1677 1548 in
1707 1479 1850 1553 Italiam

244 1577 369 1662 storum
397 1570 548 1672 imperio
574 1570 617 1645 ad
643 1569 851 1672 affligendas
877 1575 1002 1646 Roma·
1086 1570 1283 1662 invitatus,
1307 1574 1457 1645 Romam
1476 1571 1637 1667 obsedit,
1663 1579 1771 1678 eique
1793 1581 1852 1655 c'a.

242 1701 367 1754 norum
404 1672 610 1748 Provincias
645 1693 835 1770 eruperunt
868 1674 1005 1765 mani,
1088 1673 1145 1772 pti
1171 1701 1211 1748 ac
1246 1673 1383 1769 direpti
1409 1678 1519 1747 Anno
1554 1679 1755 1755 ccccm.
1782 1684 1852 1758 mi.

240 1779 367 1868 Saevi,
401 1775 654 1866 Marcomanni,
690 1777 832 1866 Heruli,
861 1777 1002 1867 Hunni,
1088 1775 1268 1851 t'erabilem
1294 1775 1385 1849 Urbi
1413 1775 1569 1877 Reginae
1594 1779 1747 1855 Urbium
1770 1783 1850 1860 suae

240 1881 364 1971 Gothi,
400 1879 564 1975 Gepides,
605 1881 877 1973 Burgundiones,
913 1878 1004 1950 'Am
1087 1875 1552 1970 famosissimorum&
1579 1880 1769 1959 Historicis
1788 1912 1850 1959 va·
1944 1970 1946 1974 ,

239 1989 378 2070 manui,
416 1979 585 2067 Vandali,
620 1977 781 2076 aliaeque
808 1982 1006 2076 complures
1087 1977 1170 2053 lium
1213 1976 1457 2053 funestissimae
1500 1981 1715 2058 narrationis
1755 2013 1850 2061 cant.

241 2085 442 2171 Nationes,
462 2105 609 2176 quarum
632 2081 818 2155 nonnullas
838 2077 1004 2172 Scythia,
1087 2105 1169 2178 punt
1196 2079 1369 2180 reliquit.

239 2210 331 2284 quae
357 2207 450 2256 nunc
469 2178 657 2270 Tartaria,
683 2183 772 2254 alias
792 2183 1004 2270 Succorum,

240 2289 451 2374 Danorum,
478 2309 519 2356 ac
545 2281 730 2356 Rulsorum
750 2281 871 2382 regio,
898 2285 933 2355 δι
954 2309 997 2356 re-

1134 2179 1321 2266 Alaricum
1366 2179 1482 2282 ipsum
1528 2158 1848 2266 commemoratum

1086 2281 1250 2388 suspicari
1277 2281 1462 2383 quisquam
1498 2283 1603 2402 pplsrt
1628 2286 1668 2360 in
1695 2290 1848 2385 quadam

236 2386 356 2484 liquos
385 2385 516 2460 intima
544 2382 738 2459 Germania
764 2381 904 2458 emisit.
939 2384 1056 2464 SedC
1085 2409 1155 2458 non
1190 2385 1331 2486 vulgari
1373 2383 1634 2486 inscriptione,
1669 2416 1774 2487 quarn
1807 2391 1847 2468 in

235 2511 454 2590 quamquam
489 2504 612 2586 gentes
647 2483 1003 2585 septemtrionalcsi

233 2613 363 2666 natura
403 2587 547 2688 quidem
588 2585 751 2677 viribus,
792 2585 1003 2676 ferocitate,

234 2691 442 2794 patientia,
483 2686 632 2786 aliisque
665 2688 825 2788 oorporia
860 2689 1003 2764 dotibus

235 2795 284 2870 ad
318 2820 442 2882 arma,
476 2788 517 2866 ac
544 2789 680 2890 proelia
714 2789 827 2866 fidiae
861 2790 1000 2864 videan-

233 2913 323 2969 tur:
362 2891 554 2991 saepissime
580 2911 700 2968 tamen
728 2891 945 2984 ostendunt,
971 2892 1004 2964 se

234 2995 348 3072 facite
381 2990 558 3091 reprimi,
592 3019 633 3066 ac
671 2991 769 3068 vinci
804 2991 922 3092 polle.
955 2996 1004 3066 Et

235 3122 386 3186 revera,
410 3095 525 3166 donec
549 3093 589 3168 in
619 3091 827 3168 italicorum
852 3093 1000 3190 pediori·

234 3201 305 3276 bus
330 3195 499 3291 antiquae
531 3193 755 3270 fortitudinis
790 3195 923 3272 semina
951 3197 1001 3269 vi·

1084 2513 1167 2586 agro
1193 2485 1443 2586 senogalliensi
1472 2487 1516 2561 ad
1543 2487 1663 2563 Sansii
1690 2497 1848 2568 Lauren.

1084 2589 1127 2662 tii
1155 2588 1194 2662 in
1229 2592 1369 2688 Campo
1402 2588 1686 2681 animadvertit,
1717 2598 1754 2666 δι
1788 2594 1849 2670 de.

1083 2687 1247 2789 scriptam
1275 2693 1319 2766 ad
1346 2717 1403 2765 me
1447 2688 1542 2766 misit
1576 2697 1693 2768 Lucas
1728 2699 1848 2782 Antoq
1889 2705 1890 2708 ’

1083 2791 1162 2866 nius
1188 2791 1370 2883 Gentilis,
1406 2791 1682 2891 Antiquitatum
1716 2795 1847 2872 studio·

1084 2891 1164 2983 sus,
1190 2895 1225 2966 n
1253 2891 1437 2992 singularis
1470 2894 1607 2968 amicus
1642 2921 1766 2972 mena.
1806 2903 1847 2976 ln

1084 2995 1201 3068 antica
1236 2993 1366 3092 lapidis
1394 2991 1484 3072 facie
1518 2994 1702 3091 legebatur
1735 3000 1847 3076 altera

1086 3092 1273 3190 Inscriptio
1308 3089 1419 3194 posita
1453 3097 1499 3171 L.
1529 3097 1765 3170 OCTAVIO
1799 3103 1846 3178 L.

1084 3200 1122 3269 F.
1155 3197 1284 3270 CAM.
1324 3197 1470 3268 RUFO.
1509 3196 1579 3268 &o
1617 3223 1708 3296 quae
1749 3199 1847 3278 edita

234 3326 368 3404 gnere,
408 3299 444 3371 δι
479 3295 650 3372 militaris
682 3294 874 3396 disciplina
912 3298 1001 3472 apud
1029 3301 1059 3371 D
1084 3298 1153 3396 jam
1189 3294 1259 3374 suit
1292 3297 1314 3370 a
1347 3299 1529 3373 Grutero.
1571 3301 1671 3372 Haec
1706 3301 1845 3399 rarior,

233 3403 332 3502 ipsos
358 3400 396 3474 in
415 3398 550 3472 honore
577 3395 667 3488 suit,
693 3399 832 3498 gladios
858 3397 1001 3496 quiem

234 3507 272 3580 ὅ(
302 3500 461 3576 flammas
485 3501 524 3576 in
550 3497 640 3574 hanc
663 3499 890 3594 Provinpiam
919 3503 998 3578 Bar·

233 3603 314 3680 bari
346 3602 529 3678 intulere:
565 3599 710 3681 atheio
737 3603 860 3699 pedem
895 3599 1002 3702 figere

233 3704 284 3784 iia
309 3704 431 3781 datum
459 3731 531 3778 non
566 3701 638 3780 est.
674 3702 876 3777 inclinante
900 3703 997 3778 dum·

232 3823 340 3882 taxat
364 3805 409 3878 ad
434 3803 542 3882 finem
578 3806 724 3884 Saeculo
752 3807 866 3879 hetae
894 3804 998 3880 Chri·

234 3907 368 3984 siianae
400 3927 529 4003 quarto
561 3909 597 3978 ἃ
635 3904 786 4006 quinsio
828 3905 999 3984 ineunte.

232 4025 296 4086 tot
323 4008 479 4108 Populi,
504 4027 611 4104 atque
642 4034 685 4084 ex
712 4023 769 4082 tot
795 4007 1002 4082 Borealibus

233 4109 354 4202 locis,
391 4133 464 4182 uno
486 4109 682 4207 eodemque
716 4129 905 4206 tempore,
941 4134 998 4186 ve·

1083 3398 1167 3499 quia
1193 3397 1326 3476 Latina
1359 3397 1464 3476 verba
1488 3398 1634 3472 Graecis
1668 3399 1848 3480 charasle.

1085 3501 1179 3576 ribus
1203 3498 1359 3600 expressa
1382 3497 1500 3574 suere.
1524 3499 1680 3594 Quando
1702 3525 1846 3599 autem,

1083 3603 1207 3676 &cur
1238 3599 1429 3702 epigraphe
1460 3599 1545 3676 haec
1580 3625 1756 3678 marmore
1788 3605 1846 3681 in·

1084 3702 1211 3803 scripta
1235 3703 1371 3795 suerit,
1397 3727 1504 3781 nemo
1530 3700 1636 3798 facile
1659 3703 1846 3784 decernat.

1086 3804 1243 3880 iudicare
1269 3803 1343 3903 ipsa
1368 3804 1512 3879 videtnr
1529 3808 1662 3878 Arcem
1689 3804 1728 3880 in
1754 3807 1847 3888 mari

1084 3905 1373 4004 prominentem,
1416 3931 1523 4000 quam
1563 3905 1732 3982 ¹Alaricus
1768 3915 1847 3987 Go-

1082 4006 1225 4080 thorum
1254 4012 1330 4083 Rex
1350 4005 1471 4082 srulira
1496 4009 1764 4106 expugnandam
1784 4031 1847 4088 cu.¹

1082 4107 1204 4196 ravit,
1241 4110 1279 4180 δι
1315 4134 1405 4205 quae
1439 4107 1649 4207 procedente
1683 4126 1846 4211 tempore

232 4211 308 4290 luti
331 4206 501 4288 conflatis
523 4209 707 4299 consiliis,
739 4207 902 4294 adversus
930 4214 998 4286 Ro·
1027 4208 1123 4294 Ead
1162 4207 1339 4284 Civitatis
1379 4208 1549 4284 honorem
1586 4210 1711 4287 eveiia
1748 4213 1846 4333 adja-

232 4311 334 4392 mani
370 4309 516 4412 imperii
551 4310 756 4389 Provincias
790 4337 888 4388 arma
922 4339 998 4388 mo·

231 4433 390 4504 nerunt,
429 4431 472 4490 ut
507 4413 549 4490 ad
585 4436 708 4487 eorum
741 4414 919 4510 impetum
947 4441 995 4488 re·

1081 4310 1242 4386 centibus
1279 4309 1390 4386 etiam
1429 4309 1584 4409 Oppidis
1625 4311 1844 4412 imperavit.

1081 4417 1135 4486 En
1168 4412 1281 4504 ipsam
1315 4410 1471 4489 aliorum
1503 4439 1648 4514 quoque
1680 4416 1841 4498 examini

231 4515 477 4602 tundendum,
501 4519 622 4594 nullus
641 4513 770 4591 exinde
787 4516 879 4588 obex
898 4537 1000 4611 aprus
1078 4513 1301 4616 expostam.

230 4614 366 4694 suerit.
394 4623 502 4690 Anno
525 4619 672 4716 quidem
697 4619 881 4694 CCCCV.
905 4617 998 4694 Rbo-

356 4775 547 4858 TANTI
567 4779 735 4864 KBEM
758 4781 846 4862 HK
866 4779 1044 4865 KEPNI
1061 4777 1333 4866 AIKBOPIZ
1352 4781 1676 4868 KIPKBITBM
1694 4770 1841 4870 ΤΕΞῙ

233 4920 541 5020 dacelleTANTl
579 4933 727 5006 CUEM
774 4935 826 5010 IC
877 4935 1034 5009 CERNI
1068 4935 1321 5012 AECUORIS
1362 4932 1659 5016 CIRCUITUM
1705 4932 1830 5010 'sixt

555 5097 622 5176 pro
644 5077 752 5168 ‚Quem
775 5075 827 5151 hie
899 5075 1001 5149 cernis

989 5207 992 5210 ¹
1089 5223 1217 5307 Aa

1118 5078 1265 5176 aequoris

1633 5220 1782 5305 aaa·
1811 5327 1814 5331 ,
