4628 6148
479 423 571 534 *147

784 415 1177 535 Aurrourn
1238 409 1466 500 Mauri
1520 413 1696 506 aaut

1886 397 1985 540 ⁸148

423 535 464 612 iu
485 538 694 636 Diplontate
714 535 900 638 negotium
927 535 1086 612 facessere
1114 531 1189 636 pos·
1221 541 1257 614 A
1277 535 1401 628 Quum
1436 528 1522 605 ltaee
1557 533 1673 613 literis
1713 537 1903 617 mandabat
1945 550 2047 618 Guns

422 635 489 731 fit,
516 639 684 714 dicuutur
709 639 891 739 Principes
917 637 976 711 illi
1001 633 1189 714 confluxis-

423 737 459 814 se
486 740 528 815 ad
564 740 767 842 eligendum
803 739 1001 815 Henricum
1029 765 1101 814 non
1137 737 1190 814 so·

425 842 501 917 llun
525 843 563 918 in
584 851 724 940 Regem,
749 840 805 918 sed
828 844 864 916 δι
887 842 925 914 in
952 848 1189 942 Imperatorem.

423 947 504 1037 Iam
539 945 679 1044 liquet,
715 947 735 1017 i
773 945 928 1047 Regibus
964 945 1091 1020 Italiae
1118 971 1188 1020 non

424 1065 529 1123 antea
571 1046 761 1122 assumtum
799 1045 992 1147 Augustale
1031 1071 1189 1140 nomen,

390 1155 532 1248 quam
570 1146 739 1224 Caesarea
774 1145 924 1249 insignia
964 1152 1099 1224 Romae
1133 1149 1186 1223 in·

423 1249 601 1351 duilsent3
644 1277 766 1326 eorum
807 1267 926 1324 autern
968 1250 1109 1326 Eleilio
1146 1251 1189 1326 ad

422 1351 613 1428 imneriale
648 1351 826 1454 fastigium
854 1355 874 1426 a
904 1357 1067 1428 Romano
1097 1357 1186 1428 Pon·

1282 635 1426 724 therua,
1467 631 1616 710 fortaffis
1651 638 1690 712 in
1727 667 1798 717 uno
1838 644 2043 746 Principum

1283 733 1576 810 Germanicorum
1604 741 1771 844 Collegio
1802 745 1873 843 jam
1901 750 2045 821 conclu·

1283 834 1357 911 sum
1385 855 1459 913 erat
1486 837 1540 939 jus
1568 839 1723 940 eligendi
1752 851 1906 948 Regem,
1929 849 1987 923 cui
2009 875 2045 922 e·

1282 939 1376 1014 testo
1417 939 1527 1016 tacite
1568 969 1710 1042 quoque
1750 947 1804 1048 jus
1838 947 2044 1026 nascebatur

1282 1039 1324 1114 ad
1351 1043 1622 1144 imperatoriam
1649 1050 1850 1123 Coronam.
1886 1055 1964 1152 Ego
1991 1071 2045 1126 ta·

1282 1168 1362 1218 men
1388 1171 1432 1220 ne
1457 1142 1526 1220 hoc
1552 1145 1697 1243 quidem
1725 1151 1805 1225 unis
1831 1153 2043 1229 Germaniae

1280 1244 1527 1346 optimatibus
1563 1247 1736 1326 friderici
1764 1257 1791 1325 1.
1819 1279 1907 1328 aevo
1941 1255 2044 1330 attri-

1282 1347 1406 1422 butum
1433 1373 1533 1440 reor,
1562 1367 1602 1422 ut
1629 1349 1721 1426 infra
1740 1351 1940 1447 ostendam,
1961 1383 2043 1432 nant

422 1433 523 1534 tilice
551 1454 746 1553 pendebat,
773 1453 923 1530 sortaffis
950 1456 1059 1532 etiarn
1085 1458 1106 1528 a
1130 1461 1186 1530 Se·
1219 1471 1247 1543 Β
1280 1450 1314 1522 &
1342 1466 1429 1523 tunc
1454 1447 1533 1524 suus
1562 1451 1701 1526 Italicis
1739 1454 1966 1556 Principibus
2001 1456 2044 1532 ad

419 1574 508 1630 natu
535 1555 768 1656 amplissimae
805 1559 931 1633 Urbis.
970 1563 1069 1632 Haec
1104 1556 1182 1657 qui·

418 1655 503 1732 dem
529 1659 564 1731 δι
592 1683 610 1732 e
635 1685 658 1732 o
685 1658 794 1732 novi:
826 1657 1064 1734 nihilominus
1090 1685 1184 1760 repe·

421 1777 486 1852 to,
514 1786 586 1834 non
611 1684 720 1834 incise
747 1759 925 1835 serendam
952 1760 1100 1836 illorum
1127 1788 1184 1837 au·

422 1859 587 1952 daciam,
626 1860 691 1957 qui
727 1862 769 1936 ad
806 1861 1007 1963 apocrypha
1043 1862 1186 1955 statim,

421 1980 483 2036 aut
497 1963 716 2063 interpolata
729 1965 920 2040 amandant
932 1983 1065 2041 veteres
1076 1965 1184 2042 Char·

421 2079 475 2138 tas
499 2089 571 2136 non
598 2061 671 2136 alio
697 2065 830 2153 titulo,
854 2091 960 2163 quarn
986 2068 1081 2164 quod
1106 2093 1184 2142 curn

419 2161 631 2261 quibusdam
645 2165 851 2264 vulgaribus
863 2165 1095 2258 opinionibus
1105 2195 1186 2243 con·

422 2263 547 2338 ciliare
574 2261 734 2340 nesciunt
770 2285 1001 2341 monumenta
1030 2269 1185 2369 antiqui·

420 2365 534 2440 tatis.
572 2365 710 2442 Nostris
745 2365 890 2461 diebus,
925 2395 1038 2468 eoque
1075 2370 1187 2472 magis
1217 2377 1248 2448 C

420 2465 643 2566 temporibus
667 2469 736 2559 iis,
763 2469 892 2568 quibus
916 2469 1011 2545 inter
1034 2489 1091 2547 tot
1113 2492 1185 2548 tur·

420 2569 521 2643 bines
548 2569 777 2646 Ambitionis
802 2590 908 2671 atque
936 2573 1124 2650 Avaritiae
1152 2577 1186 2648 1·

419 2670 510 2745 talia
537 2667 753 2764 lluRuabat,
791 2672 1002 2748 immutatos
1030 2674 1185 2750 vidimus

420 2773 627 2873 Regnorum
650 2775 848 2868 Dominos,
863 2775 1097 2876 &regiminis
1116 2773 1188 2850 sor·

420 2899 541 2965 mam,
578 2877 613 2947 δι
652 2875 859 2977 Principum
896 2876 996 2977 jura.
1032 2877 1186 2952 Fortasse

422 2973 495 3078 jam
522 2994 600 3050 tum
629 2974 843 3052 invalescere
870 3003 946 3052 mos
973 2977 1118 3079 coepit,
1146 2997 1186 3053 ut

1281 1549 1504 1626 Elesiionem
1534 1552 1640 1654 Regis
1667 1557 1766 1631 locus
1793 1555 1890 1650 suit,
1926 1561 1966 1634 ei
1993 1559 2047 1634 so·

1280 1657 1355 1728 lunt
1381 1652 1421 1729 iu
1446 1651 1619 1753 ejusmodi
1655 1655 1814 1760 negotio·
1843 1659 2046 1736 mutatione

1280 1755 1394 1849 scili,
1421 1754 1516 1856 quod
1543 1755 1646 1832 ltalia
1672 1758 1712 1834 in
1739 1763 1968 1836 Germaniam
1989 1789 2048 1838 ac·

1279 1857 1399 1933 cedere
1434 1885 1522 1958 opus
1557 1877 1663 1953 erat,
1699 1859 1723 1934 fi
1759 1861 1829 1942 suis
1869 1860 2045 1964 suffragiis

1280 1959 1410 2060 Regiae
1428 1957 1611 2035 Eleslioni
1641 1961 1803 2041 iuteresse
1835 1964 2044 2065 cupiebant.

1279 2058 1618 2135 Animadvertamus
1645 2063 1808 2158 interea,
1836 2065 1920 2163 quei
1947 2091 2044 2166 pera·

1278 2161 1335 2236 sla
1350 2161 1458 2236 fuerit
1476 2161 1619 2236 Eleslio
1638 2168 1780 2239 Conradi
1797 2168 1901 2238 salici
1910 2220 1920 2254 ,
1936 2189 2043 2264 quern

1279 2263 1456 2340 Henricus
1483 2263 1629 2338 SanRus
1655 2264 1879 2342 successorem
1909 2265 1948 2340 in
1976 2270 2045 2341 Re·

1301 2393 1348 2440 no
1374 2364 1499 2441 babuit
1522 2368 1633 2440 Anno
1652 2371 1831 2442 Mxxtv.
1853 2373 1941 2442 Rern
1965 2394 2043 2468 per·

1277 2393 1395 2567 spicue
1422 2486 1540 2542 narrat
1567 2467 1699 2569 Wippo
1719 2469 1919 2546 Historicus
1939 2469 2042 2546 illius

1278 2569 1447 2670 temporis
1478 2569 1517 2644 in
1545 2569 1633 2644 Vita
1669 2571 1822 2673 ejusdem
1858 2571 2042 2665 Contadi,

1277 2670 1426 2746 reserens
1454 2670 1654 2746 convenisse
1673 2672 1716 2748 ad
1736 2673 1949 2749 elebiionem
1963 2679 2045 2749 Re·

1276 2771 1331 2872 gis
1355 2772 1536 2874 Principes
1556 2799 1636 2848 curn
1657 2775 1935 2868 Ecclesiasticus,
1963 2795 2043 2850 tum

1280 2876 1476 2950 Saeculares
1521 2877 1791 2969 Alamanniae,
1837 2877 2044 2972 Bavariae,

1279 2973 1534 3078 Lotharingiae
1561 2978 1628 3052 bre.
1655 2995 1731 3054 tum
1772 2978 1951 3054 Praesules
1984 2983 2044 3053 Sa·

421 3077 485 3176 qui
513 3079 533 3150 b
562 3078 779 3154 Primatibus
811 3079 1023 3155 Germaniae
1049 3107 1089 3154 ac
1116 3083 1184 3155 lta·
1277 3078 1428 3180 aoniae3
1468 3075 1541 3178 post
1575 3103 1667 3176 quae
1696 3079 1741 3164 de
1776 3080 1917 3156 Italicis
1957 3079 2045 3156 haec

421 3177 493 3251 liae
521 3181 598 3252 Rex
626 3179 838 3278 eligeretur,
874 3179 905 3254 is
941 3180 1116 3256 continuo
1142 3209 1185 3256 ex
1277 3178 1401 3254 habet:
1432 3179 1563 3253 ltaliam
1588 3182 1737 3274 transeo,
1763 3181 1854 3276 enjus
1877 3183 2045 3280 Principes

423 3303 464 3352 ea
503 3276 679 3352 eleslione
719 3279 774 3378 jus
809 3305 951 3378 quoque
986 3282 1186 3378 adquireret
1215 3299 1248 3368 1)
1277 3282 1310 3352 in
1336 3281 1429 3354 brevi
1453 3281 1620 3352 conuenire
1652 3283 1699 3354 ad
1726 3284 1867 3378 Regiam
1901 3283 2042 3354 Etesiis·

420 3377 486 3456 fibi
513 3376 554 3451 ad
577 3378 765 3478 Imperiale
786 3379 976 3454 Diadema.
997 3381 1187 3456 Exhibeat
1277 3409 1346 3452 nem
1380 3381 1620 3476 requirerent.
1656 3387 1726 3474 Qui
1766 3381 1961 3478 pulsandum
2005 3384 2045 3452 io

420 3479 528 3555 nobis
546 3479 723 3556 Historiae
742 3479 780 3555 in
800 3485 936 3556 Ottone
956 3485 1022 3562 111.
1036 3483 1072 3556 &
1087 3485 1185 3557 Hen-
1277 3485 1356 3554 Urbe
1374 3479 1607 3569 Crustaneimfi
1623 3507 1692 3552 rum
1704 3482 1947 3579 Archiepiscrpe
1964 3487 2041 3553 Me-

420 3581 521 3674 tico,
548 3580 688 3680 dequo
714 3609 808 3657 nunc
835 3583 995 3684 agimus,
1022 3602 1128 3682 atque
1147 3585 1185 3659 in
1274 3581 1450 3668 diciamus
1475 3581 1674 3678 &reliquis
1702 3583 1906 3682 Principibus
1940 3610 2042 3656 meur.

420 3683 505 3758 aliis
531 3683 782 3758 tautummodo
821 3683 1002 3784 Regibus,
1039 3683 1185 3805 vestigia
1277 3705 1378 3756 renos
1402 3682 1516 3780 Regi,
1536 3682 1593 3774 sui
1618 3682 1723 3778 effesii
1740 3685 1848 3777 June,
1874 3684 1919 3755 θ
1943 3687 1974 3756 ei
1991 3682 2067 3778 fian

421 3783 592 3882 quaedam
620 3782 846 3858 auEloritatis
882 3787 1040 3884 prolatae
1066 3785 1105 3860 in
1132 3813 1144 3862 r
1175 3824 1187 3846 ·
1274 3787 1440 3858 desiratem
1464 3783 1579 3856 librari
1603 3785 1709 3859 animo
1729 3787 1948 3882 juraveram.
1972 3791 2041 3863 Er.

419 3885 494 3959 sam
523 3885 676 3958 Urbem.
703 3883 877 3960 Omnium
905 3904 1023 3960 autem
1050 3816 1170 3963 orelP

418 4002 550 4062 runtur
575 3985 798 4061 celeberrimi
824 3986 854 4061 ii
882 3986 999 4063 versus
1025 3989 1185 4067 Gunthe·
1262 3992 1403 4063 bantur
1429 3986 1555 4062 Italiae
1582 4001 1723 4087 quoque
1752 3989 1945 4068 Primates.
1970 3995 2043 4064 Ar·

419 4087 453 4164 ri
481 4086 565 4163 Lib.
594 4090 621 4162 1.
650 4087 846 4188 tigurini,
883 4089 945 4164 ubi
971 4091 1015 4164 de
1051 4109 1186 4192 ternpo-
1275 4117 1342 4190 que
1368 4089 1463 4163 inter
1489 4115 1577 4181 eos,
1604 4089 1667 4188 qui
1694 4117 1766 4164 non
1794 4091 1913 4192 segnes
1949 4090 2042 4164 illuc

419 4187 519 4266 tibus
559 4188 733 4265 friderici
768 4195 798 4266 1.
831 4190 982 4294 Augusti
1017 4191 1058 4266 in
1091 4193 1186 4271 bunc
1215 4209 1241 4277 Ε
1273 4193 1506 4283 advolarunt,
1532 4190 1682 4266 invenio
1704 4193 1931 4268 Ambrofium
1961 4193 2038 4265 Ab·

415 4289 568 4366 modum
594 4288 742 4368 scribit:
1274 4297 1390 4369 batem
1404 4290 1928 4369 Monallerii'LucensrsSanRi
1946 4296 2040 4368 Pou-

1262 4396 1394 4486 'tiani,
1435 4395 1527 4470 olim
1563 4393 1905 4488 Benediiiiunrum,
1942 4419 2042 4472 nune

1275 4495 1535 4576 Monachorum
1574 4493 1716 4570 Montis
1757 4493 1932 4588 oliveti,
1977 4497 2040 4572 cui

1273 4597 1655 4698 conradus-Diploma
1690 4595 1816 4691 dedit,
1853 4598 1945 4672 mihi
1980 4596 2037 4669 vi·

1261 4701 1346 4792 ,sum
1374 4699 1413 4774 in
1439 4697 1637 4776 Tabulario
1663 4698 1816 4800 ejusdem
1854 4697 1941 4774 sacri
1978 4698 2036 4792 lug

1272 4805 1327 4883 ci.
1354 4801 1441 4882 Inde
1465 4801 1551 4882 baec
1577 4827 1688 4906 pauca
1713 4799 1887 4904 decupla.

422 4501 739 4589 anueRomenum
750 4495 853 4585 nostra
861 4493 984 4574 vitetur
993 4505 1185 4595 redemtum,

416 4593 574 4688 'Hersiibur
585 4597 723 4694 eapulfir
731 4652 743 4689 ,
752 4601 796 4672 ad
809 4625 864 4672 ms
877 4601 1064 4696 s'ustr'ffimus
1077 4608 1151 4676 ordo

419 4699 602 4790 Transtulit
612 4701 802 4800 imperium:
812 4706 953 4776 Rotnani
957 4707 1066 4801 gloria
1075 4704 1187 4804 Regni

420 4807 490 4876 Nos
498 4825 595 4899 penes
607 4803 668 4892 est.
683 4808 914 4902 ,Qteetneumm
923 4803 992 4892 fibi
1010 4807 1185 4882 Ceretanis

524 4912 577 4976 Re
598 4933 646 4978 em

418 4935 598 5090 Prerfieirf
594 5007 778 5082 duasdives
779 5006 1056 5107 subnuffevenice
1064 5020 1170 5086 Roma

418 5101 581 5200 Suscipit,
607 5109 651 5178 0
676 5111 766 5210 verfi
792 5113 936 5216 {iterim
962 5115 1046 5219 regie
1072 5115 1204 5196 ordine.
1386 5168 1390 5180 ·

509 5207 677 5310 Rhenes,
822 5213 910 5224 “’
1076 5216 1131 5224 ”
1192 5175 1257 5292 ll
1884 5221 1985 5303 cm:

1151 3917 1183 3965 e·
1275 3913 1321 3988 go
1347 3885 1390 3960 ad
1416 3885 1597 3985 eligendos
1631 3889 1742 3988 Reges
1777 3906 1863 3963 tunc
1891 3889 2043 3964 advoca·
2199 3956 2204 3964 .
