4628 6148
1771 427 1852 518 tot

353 433 435 514 161
665 411 1185 516 DISSERTATIO
1240 409 1546 506 TERTIA.

595 653 1521 820 ¹01e1201.

538 925 606 1014 Ad
635 920 950 1016 mtefficeodum
980 923 1022 1010 lt
1050 915 1324 1010 coronandum
1354 919 1667 1036 Imperatorem

389 1171 449 1244 lirn
464 1171 541 1261 Rea
557 1163 594 1237 in
612 1167 833 1262 Imperatorem
855 1157 971 1238 cretius
982 1181 1055 1260 ptr·
1084 1161 1121 1238 A
1150 1157 1354 1258 amplexum.
1389 1163 1464 1253 „Qut
1487 1159 1614 1234 dtrnum
1632 1157 1808 1258 surgente,
1843 1167 1917 1236 Res

291 1339 294 1344 .
409 1267 536 1344 vennir
559 1268 605 1340 ad
624 1273 757 1342 Pescen
774 1266 958 1355 culinen,
977 1290 1057 1363 quae
1151 1260 1217 1358 ipse
1240 1264 1264 1334 i
1285 1277 1379 1359 parte
1402 1263 1557 1355 benere,
1593 1262 1638 1334 Θ
1670 1264 1767 1338 Prior
1800 1261 1917 1338 Diaeu-

292 1375 337 1462 est
354 1373 456 1466 jueta
476 1369 650 1458 Callellunt
667 1368 840 1462 Crescenrii
849 1423 862 1460 ,
887 1367 1059 1465 recipiatur
1151 1389 1264 1436 nornrn
1297 1363 1524 1440 cardinalium
1542 1368 1571 1440 d
1587 1361 1748 1459 stniJlra,
1766 1367 1916 1446 ,rerum

291 1473 457 1566 honorifice
480 1475 503 1544 b
528 1473 619 1544 Clero
640 1470 733 1546 Urbis
753 1498 822 1544 curn
840 1469 995 1545 Crucibus
1012 1469 1057 1540 C?
1149 1491 1220 1536 eunt
1255 1464 1351 1563 usque
1378 1467 1423 1538 ad
1457 1465 1629 1552 Ecclesiam
1662 1465 1801 1552 Sanliae
1835 1470 1918 1540 Ma·

1151 1565 1219 1640 riae
1245 1566 1279 1640 r'n
1304 1569 1482 1658 Turribus,
1502 1570 1559 1642 ubi
1575 1589 1651 1642 ante
1668 1574 1815 1663 Altare,
1832 1571 1918 1642 rub-

285 1677 365 1775 sqne
388 1678 434 1750 ad
454 1678 577 1772 gradus
609 1675 765 1760 Basslirae
800 1673 914 1748 Sanlli
938 1672 1056 1763 Petri,
1149 1668 1280 1740 diacono
1305 1671 1488 1766 Evangelii
1511 1691 1632 1742 textum
1657 1691 1806 1765 teneare,
1842 1679 1916 1743 Reae

290 1778 495 1854 cantantibus
517 1777 675 1864 universis
700 1776 967 1876 Responsoriunt:
990 1779 1055 1848 Ec·
1144 1769 1241 1866 snper
1266 1795 1336 1842 eunt
1356 1770 1496 1867 praestat
1530 1773 1728 1870 corporaliter
1756 1773 1916 1869 hujusme-

291 1907 331 1956 ce
368 1905 435 1979 ego
471 1878 580 1954 mitto
609 1881 798 1978 Angelum
834 1903 953 1954 meum
989 1878 1055 1949 &o
1148 1871 1188 1943 di
1206 1869 1450 1966 juramentum.
1487 1877 1565 1974 Ego
1591 1877 1651 1949 111.
1679 1879 1756 1952 Rex
1785 1881 1916 1952 Roma·

291 1981 487 2063 carrucariis
511 1981 581 2076 ejus
606 1982 736 2075 miffilia
754 1979 981 2078 spargentibus
996 2005 1054 2052 an·
1149 1999 1300 2066 norum,
1327 1992 1503 2054 annuente
1529 1979 1608 2052 Deo
1634 1976 1773 2056 tuturus
1800 1982 1914 2076 Impe-

290 2102 322 2154 te
336 2083 683 2180 ipsunt,(9‘Pracseiio
699 2081 793 2156 Urbis
801 2082 952 2178 gladium
962 2102 1055 2177 prae·
1088 2073 1117 2146 B
1149 2093 1268 2166 rator,
1296 2075 1492 2176 promitto,
1517 2074 1693 2175 spondeo,
1718 2079 1914 2176 polticeor,

285 2185 426 2276 serente.
446 2191 529 2259 Cuns
547 2208 652 2260 autern
666 2183 849 2282 pervenerit
867 2203 942 2256 ante
961 2179 1052 2268 Bafi·
1149 2193 1256 2275 atque
1280 2177 1361 2279 juro
1387 2203 1510 2254 coram
1527 2181 1628 2271 Deo,
1654 2181 1690 2252 ἃ
1718 2181 1829 2262 Beato
1851 2183 1915 2254 Pe·

290 2286 386 2358 liram
411 2285 446 2358 in
469 2286 607 2383 platea,
634 2311 713 2384 quae
739 2285 874 2358 Cercina
901 2306 1054 2374 voratur,
1150 2295 1229 2369 tro,
1257 2277 1375 2353 mede
1394 2296 1512 2354 cetero
1539 2279 1778 2380 proteitorem
1795 2309 1836 2356 ac
1856 2281 1915 2355 de·

289 2386 477 2476 desirandus
490 2387 903 2484 murmurantesque
920 2389 964 2459 ad
976 2411 1054 2482 gra·
1149 2377 1320 2457 leniorem
1348 2379 1423 2455 fore
1449 2382 1588 2457 Summi
1625 2380 1841 2474 Pontificis,
1877 2387 1911 2456 oe

289 2491 351 2562 dus
368 2487 573 2587 praedilios,
607 2489 666 2564 ubi
699 2515 733 2562 et
763 2487 965 2582 descenderere
988 2507 1054 2560 rra·
1149 2478 1287 2556 sanitae
1314 2485 1494 2558 Romanae
1530 2482 1729 2576 Eccleliae,
1764 2485 1804 2561 in
1836 2513 1913 2560 om·

290 2593 414 2666 dendus
439 2591 483 2680 eli
506 2619 624 2690 equus,
643 2592 695 2666 eui
713 2600 787 2666 Res
810 2591 987 2683 insederat,
1014 2589 1052 2659 il·
1150 2580 1253 2657 nibus
1271 2581 1532 2660 oeceffitatibus
1551 2589 1587 2660 ἃ
1608 2585 1827 2664 utilitatibus
1843 2588 1913 2664 suis

288 2695 498 2770 lis.inrerim
510 2694 817 2785 SummusPontisex
831 2690 1056 2764 sumentibus
1116 2721 1119 2730 ’
1149 2684 1408 2777 custodiendis,
1443 2688 1479 2761 δι
1515 2686 1753 2765 conseruando
1789 2691 1912 2792 poffei·

291 2795 466 2870 Ordinibus
485 2794 562 2889 [uu.
580 2816 748 2894 praeparet
775 2794 812 2888 se
847 2795 882 2866 in
916 2799 1053 2866 Secreta·
1148 2784 1284 2880 fiores,
1312 2787 1485 2880 honores,
1511 2791 1547 2862 ἃ
1574 2791 1652 2891 jura
1677 2793 1775 2890 ejus,
1801 2821 1913 2891 quan·

292 2896 364 2984 rio,
399 2919 561 2990 tamquam
595 2899 805 2971 celebraturus
837 2895 987 2966 divina:
1014 2893 1056 2962 (r
1147 2903 1225 2959 tum
1260 2887 1388 2962 divino
1422 2887 1550 2966 fuitus
1568 2890 1747 2989 adjutorio
1782 2893 1910 2986 luero,

275 3045 277 3048 -
289 2995 553 3092 proreffionaliter
578 2995 685 3064 exiens
710 2993 804 3087 usque
821 2996 864 3064 ad
875 2977 1114 3090 suggeliumC
1147 2985 1336 3062 secunditm
1371 2986 1459 3062 scire
1483 2992 1519 3062 δι
1547 2992 1640 3088 poss'e
1675 3017 1823 3086 meum,
1859 3021 1912 3070 re·

291 3101 449 3183 Arabae,
485 3117 565 3189 quae
599 3091 643 3180 esl
668 3093 703 3162 in
728 3091 843 3189 Capite
874 3097 1054 3190 graduum,
1147 3087 1204 3162 iia
1229 3091 1265 3162 δε
1292 3115 1378 3188 pura
1404 3085 1493 3164 fide.
1521 3089 1579 3166 Sic
1607 3117 1663 3167 me
1690 3097 1786 3168 Deus
1813 3095 1910 3198 adju.

286 3195 381 3292 super
401 3193 616 3284 faldistorium
641 3194 688 3266 ibi
706 3193 838 3286 sedeat,
862 3195 1053 3287 ascendenti·
1147 3208 1229 3279 ret,
1254 3189 1403 3264 &haec
1428 3188 1546 3274 samii-a
1573 3193 1643 3268 Dei
1669 3197 1886 3296 Evangelia.
1952 3213 1954 3218 ’

292 3300 351 3370 bus
369 3295 467 3392 super
487 3297 626 3392 primurn
655 3296 796 3392 gradutn
820 3301 957 3392 ipaste
980 3301 1051 3370 dex·
1198 3293 1303 3366 Plura
1329 3317 1395 3392 ego
1421 3318 1494 3367 non
1521 3291 1710 3396 descripfi,
1736 3299 1830 3396 quod
1857 3327 1911 3377 re.

292 3417 361 3470 tera
395 3397 584 3494 Episcopis,
620 3397 666 3473 θ
698 3397 920 3490 Presbyteris,
956 3400 1002 3470 o
1033 3405 1055 3471 i
1145 3394 1246 3492 iiqua
1281 3392 1373 3468 mihi
1403 3393 1479 3470 visa
1505 3393 1584 3473 sunt
1610 3397 1658 3473 iis
1684 3399 1908 3495 conformia,

285 3497 418 3586 sinislra
455 3499 607 3578 Dinonis
641 3500 897 3590 cardinalibus,
941 3501 988 3572 &
1019 3503 1054 3572 in
1145 3521 1235 3595 quae
1261 3495 1352 3595 apud
1388 3495 1585 3572 Odorioum
1623 3501 1846 3594 Raynaldum
1872 3507 1908 3578 δι

288 3600 471 3701 proxinrr'ori
492 3605 601 3698 gradu
634 3601 846 3680 Subdiacsnis
871 3601 915 3673 Θ
940 3606 1048 3676 Acrii-
1146 3595 1235 3672 aiios
1260 3597 1447 3698 leguntur.
1467 3597 1697 3700 Quicumque
1716 3617 1834 3676 tamen
1854 3631 1909 3678 ar.

289 3703 360 3794 tis,
396 3703 581 3776 Primieesro
615 3704 660 3774 rb*
684 3703 878 3776 cantoribus
905 3703 986 3778 eirea
1013 3706 1054 3776 il-
1143 3717 1312 3799 gumento
1339 3697 1423 3776 huic
1450 3701 1632 3801 majorem.
1645 3704 1762 3780 lucem
1781 3703 1909 3781 defide-

290 3807 358 3893 les,
385 3829 454 3874 rum
480 3805 765 3900 Magnetibus&
789 3806 981 3896 Nobilibus,
1000 3806 1054 3893 Of·
1145 3822 1221 3894 rat,
1257 3827 1351 3876 nunc
1386 3803 1406 3876 i
1434 3827 1491 3877 me
1526 3803 1706 3906 accipiat,
1742 3833 1831 3905 quae
1866 3806 1910 3885 de

293 1575 467 1648 thuribulis
489 1575 533 1646 θ
551 1574 814 1671 preeeffrenelicet·
828 1573 1004 1646 deducatur
1020 1597 1055 1642 u·

282 3902 455 4000 fisialibns
480 3905 524 3975 (¹7
550 3905 825 3994 Minislerialibus
851 3908 964 3980 Aulae
988 3915 1053 3982 Pa·
1081 3880 1116 3949 ⁰
1145 3903 1391 3980 Coronatione
1431 3903 1671 4006 Augustorum
1716 3909 1910 3988 memoriae

288 4005 397 4103 palisi
425 4012 516 4078 Tune
542 4015 615 4078 Rea
638 4035 707 4080 runc
731 4008 986 4104 Archiepiseopis
1012 4012 1056 4083 θ
1146 4002 1301 4106 prodidit
1330 4004 1485 4080 Cercius
1520 4008 1746 4084 Camerarius
1771 4009 1810 4085 in
1837 4016 1910 4087 Co.

291 4105 487 4207 Episcopis,
522 4109 726 4205 Principibus
761 4111 805 4182 θ’
838 4113 1057 4207 Magnatibus

285 4210 357 4303 luis
391 4209 559 4302 ascendens
582 4213 632 4282 ad
651 4217 815 4284 Summum
848 4209 1055 4304 Pontificem,

292 4332 468 4384 reverenter
502 4311 658 4404 oseulatur
681 4313 713 4383 ei
735 4319 871 4406 peden,
911 4314 955 4382 Θ
981 4315 1054 4409 affe.

293 4413 422 4508 rensei
456 4437 591 4500 aurum,
627 4434 782 4510 quantum
817 4415 848 4484 ei
878 4413 1056 4510 placuerit,

295 4513 429 4610 benigne
462 4514 632 4612 recipiatur
655 4519 698 4594 ab
722 4543 756 4589 cn
780 4518 826 4591 ed
850 4514 985 4609 osculnm
1014 4519 1060 4590 ὁ*

1145 4107 1224 4182 dice
1248 4109 1357 4181 Msto
1384 4106 1561 4182 censuum
1588 4114 1768 4186 Romanae
1787 4117 1909 4189 Ecclo·

1145 4206 1234 4284 stae.
1262 4205 1324 4281 lbi·
1345 4206 1416 4282 due
1441 4212 1578 4284 Ordines
1601 4210 1776 4288 habentor
1795 4214 1837 4288 ad
1857 4218 1909 4289 be·

1145 4311 1349 4384 nestieendum
1374 4313 1651 4410 Imperatorem,
1679 4342 1830 4415 quorum
1858 4319 1909 4390 ai·

1144 4429 1198 4486 ter
1230 4410 1391 4506 -bsevis,
1435 4414 1526 4490 alter
1564 4414 1705 4496 sutor.
1747 4418 1843 4494 Prim

1143 4511 1308 4618 profero.
1414 4583 1418 4591 .
1837 4547 1841 4558 ·
