4628 6148
335 471 431 558 '²¹7
638 429 1151 526 DJSSERTATIO
1203 427 1545 546 QUARTA.
1751 438 1842 520 osb

283 694 486 786 fundatio
515 687 764 782 xenodochii
794 685 837 774 in
868 684 1075 806 pomoerio
1105 683 1287 772 Lucensis
1316 679 1439 768 Urbis
1466 679 1567 773 fabia
1591 687 1616 771 s
1641 681 1905 772 sichimundo

457 809 812 932 Archipresbytero
843 805 1025 893 Lucensis
1056 801 1281 916 Bedente,
1310 828 1357 886 tc
1388 801 1511 887 tribus
1541 805 1739 890 Gassndiis
1813 886 1819 896 .

643 923 879 1046 Liutpsandi
912 923 1061 1040 Regis,
1098 919 1265 1030 Ticini,
1294 923 1420 1007 Anno
1451 948 1552 1035 729.
1596 1011 1599 1016 ,

285 1169 547 1357 REgnante
570 1169 695 1238 Domno
719 1161 819 1251 nosiro
843 1161 1050 1260 Liutprand‚
1065 1163 1125 1292 'Ap
1140 1209 1167 1250 „
1186 1155 1287 1253 supra
1320 1155 1498 1252 Sigemunci
1532 1155 1692 1229 Presbiter
1726 1132 1906 1250 aavimo',

419 1269 493 1342 Viro
517 1265 763 1360 excelientiffimo
798 1271 914 1360 Rege,
949 1270 1052 1337 Anno
1141 1311 1165 1351 „
1193 1259 1227 1328 in
1254 1283 1322 1329 mee
1351 1255 1396 1342 fit
1427 1255 1579 1354 potestate
1605 1259 1673 1330 (7ο.
1711 1263 1760 1330 Et
1794 1257 1909 1351 confir·

228 1363 232 1369 ⁵
283 1373 421 1473 pietatis
445 1369 515 1465 ejus
532 1367 652 1440 Obiovo
669 1366 807 1454 decimo,
828 1365 891 1458 sub
908 1365 961 1436 die
980 1369 1051 1437 XV.
1140 1357 1342 1451 „mationis
1369 1357 1466 1446 nostre
1496 1360 1652 1456 paginam
1688 1365 1814 1456 Magno
1840 1365 1908 1438 No,-

287 1475 430 1550 Kaiend.
448 1478 594 1563 sennar.
620 1463 797 1542 Indiiiione
823 1466 935 1538 Tertia
968 1468 1049 1538 deci·
1141 1516 1165 1553 „
1192 1459 1274 1534 tario
1287 1459 1397 1552 saetbie
1415 1459 1591 1546 Ticinenfis
1610 1459 1766 1546 Ecciefiee
1784 1489 1822 1532 ecc
1834 1460 1907 1555 jus·

286 1604 365 1650 ma.
400 1575 532 1646 Oracubo
556 1557 744 1642 scottorum
768 1566 889 1655 christi
923 1565 1049 1660 Confis·
1140 1615 1165 1652 „
1185 1563 1229 1654 su
1257 1561 1426 1632 Benediiii
1459 1562 1655 1634 venerabilis
1690 1561 1906 1652 subdiaconi,

279 1678 386 1771 serunt
410 1668 790 1762 Seeanaifiaudmeii,
809 1687 904 1765 atque
923 1669 1050 1740 Colum·
1142 1717 1167 1756 „
1196 1662 1240 1732 (J
1266 1667 1384 1759 Exopt.
1412 1664 1518 1736 Ticin.
1548 1661 1748 1755 scribendum
1776 1664 1910 1759 rogavi.

287 1778 390 1866 bani,
431 1775 513 1871 quod
551 1779 620 1846 Deo
647 1770 792 1866 juvante
825 1789 916 1843 extra
949 1795 1052 1842 muros
1142 1817 1168 1856 „
1193 1788 1283 1854 mets,
1311 1764 1355 1834 (J
1374 1763 1484 1856 subter
1501 1761 1759 1856 confirmantibus
1776 1763 1905 1852 testibu·

287 1878 448 1950 Civitatis
474 1872 646 1966 Lucensis,
681 1875 746 1944 ioco
770 1871 826 1944 ubi
851 1871 972 1944 dicitur
996 1877 1046 1944 A·
1143 1919 1168 1957 n
1188 1865 1267 1963 sque
1291 1865 1463 1938 obtulimus
1488 1867 1717 1938 roborandum.

282 1979 398 2078 puiia,
426 1975 574 2069 edificare
598 1976 786 2073 disponent,
813 1975 871 2046 nbi
896 1973 940 2042 (θ’
965 1973 1051 2046 Dia·
1191 1963 1317 2040 Anum
1342 1967 1474 2040 Ticini.
1529 1977 1532 1982 “

287 2080 379 2152 conia
414 2079 448 2150 in
477 2077 671 2173 susceptione
706 2073 946 2170 peregrinorum
972 2071 1053 2165 fieri
1087 2074 1116 2144 B
1192 2073 1266 2166 Ego
1281 2068 1470 2140 sichimund
1488 2073 1541 2140 W.
1561 2069 1722 2142 Presbitet
1743 2069 1816 2142 buit
1839 2095 1907 2143 ear·

286 2201 460 2276 exoptant,
495 2177 680 2271 sigemund.
701 2175 897 2248 venerabilis
930 2177 1050 2250 Archi·
1139 2169 1212 2241 tuia
1235 2169 1417 2241 donationis
1441 2172 1464 2238 b
1490 2169 1580 2240 nobis
1598 2165 1692 2260 sabia
1712 2169 1906 2266 subscripsi,

283 2282 438 2380 presbiter
458 2278 601 2373 'ejusdem
625 2278 719 2350 Eccie
732 2303 782 2348 cae
806 2275 974 2367 Lucensis,
995 2276 1053 2369 seu
1143 2271 1187 2341 θ
1212 2269 1342 2360 testibus
1366 2271 1558 2368 optulimus.
2044 2342 2048 2348 ,

287 2383 485 2479 Tbeutpett,
524 2382 568 2453 (J
598 2387 764 2472 Ratpert,
800 2398 894 2473 etque
921 2377 966 2446 (9¹
990 2384 1051 2449 Go·
1191 2376 1264 2468 Ego
1289 2372 1449 2470 Tbenpert
1475 2377 1513 2445 V.
1540 2375 1595 2445 M.
1619 2371 1693 2444 ionic
1710 2374 1834 2444 cartula
1849 2373 1906 2444 dt·

286 2485 394 2580 depert
420 2487 451 2553 V
452 2487 490 2554 V.
517 2485 616 2552 MM.
643 2475 786 2552 Gafindi
816 2476 951 2578 Regis,
980 2476 1055 2570 filii
1142 2473 1282 2546 nationis
1306 2477 1329 2544 b
1355 2500 1402 2544 me
1437 2473 1483 2542 (9’1
1511 2474 1675 2569 germanis
1709 2473 1787 2544 meis
1815 2473 1907 2563 sabia

288 2587 445 2684 quondam
469 2583 669 2671 Gunduald,
687 2580 843 2676 presentes
857 2579 1054 2676 presentibus
1141 2573 1238 2670 relegi
1264 2575 1307 2644 (J
1327 2572 1521 2672 subscripfi,
1557 2573 1602 2646 (9¹
1634 2572 1764 2664 tesiibus
1791 2575 1912 2648 obtuli·

286 2687 462 2760 aixerunt:
488 2739 513 2776 „
533 2687 572 2757 in
599 2681 784 2779 Evangelio
809 2688 971 2754 Redentor
995 2682 1051 2752 bu·
1141 2700 1210 2746 enus
1236 2677 1435 2750 roboranda.

291 2843 315 2880 „
341 2788 447 2860 mani·
453 2787 581 2882 generis
599 2787 668 2858 (7ο.
687 2791 888 2880 Queptopter
913 2809 970 2854 nos
987 2789 1055 2858 Deo
1192 2782 1265 2874 Ego
1291 2782 1476 2875 Gemepert,
1503 2778 1559 2876 qui
1585 2805 1693 2851 nomen
1714 2779 1809 2872 suum
1828 2777 1908 2873 scri·

291 2943 316 2981 „
343 2887 517 2983 inspirante
537 2885 637 2977 sueta
660 2885 824 2981 propriam
857 2885 1054 2954 voluntatem
1137 2877 1225 2976 psit,
1254 2880 1298 2948 (9·
1322 2879 1404 2952 banc
1428 2881 1584 2950 cartulam
1601 2878 1682 2970 fieri
1707 2881 1856 2975 rogavit.

293 3041 317 3080 „
345 2988 389 3058 (9'
413 3005 493 3058 vota
519 2986 620 3080 ipsum
648 2983 797 3076 santium
831 2984 999 3055 Oracninm
1025 3011 1057 3055 e·
1084 2981 1115 3053 C
1192 2979 1331 3074 Signum
1356 3004 1470 3049 manus
1495 2981 1652 3050 Roduaid
1678 2979 1818 3064 Gasindi
1842 2988 1910 3053 Re.

291 3144 317 3182 „
343 3086 476 3180 dificare
499 3085 696 3182 disponimus
719 3083 753 3156 in
773 3082 985 3181 suprascripto
1010 3087 1052 3155 lc·
1136 3079 1202 3178 gi,
1220 3077 1299 3172 filio
1324 3081 1482 3176 quondam
1508 3081 1689 3175 Rodpabd,
1715 3079 1824 3170 testis.

294 3243 321 3281 „
345 3214 378 3262 co
403 3189 447 3258 (p
465 3187 624 3260 Diaconia
649 3186 684 3257 in
703 3185 896 3281 susceptione
913 3187 1054 3282 Peregri·
1192 3186 1264 3277 Ego
1289 3182 1346 3276 qui
1365 3180 1466 3277 supra
1488 3185 1637 3277 Magnus
1654 3182 1811 3252 Notarius
1829 3181 1908 3274 sae.

294 3345 319 3384 „
346 3315 480 3380 norrun,
520 3315 577 3359 nos
595 3287 804 3384 suprascripti
823 3289 971 3384 germani
996 3294 1053 3360 Te·
1142 3280 1189 3354 tte
1224 3279 1402 3369 Ticinensts
1437 3280 1604 3372 Ecclesie,
1643 3281 1779 3378 scriptor
1812 3283 1909 3378 bosus

292 3447 318 3486 „
343 3393 496 3486 bucpm,
524 3397 690 3486 Ratpert,
718 3387 763 3458 C?
787 3391 942 3485 Godepert
956 3442 967 3479 ,
981 3431 983 3440 ν
999 3409 1058 3485 pro
1139 3385 1258 3456 cartule
1282 3383 1491 3475 donationis,
1524 3381 1593 3480 posi
1627 3383 1754 3457 tradita
1779 3387 1908 3483 compie-

293 3545 319 3587 „
346 3491 480 3564 remedio
502 3497 713 3563 Parentorum
738 3488 929 3580 musicorum,
964 3511 1058 3586 atque
1140 3485 1180 3558 vi
1205 3486 1250 3555 θ
1273 3485 1375 3558 dedi.
1626 3563 1630 3568 ,

294 3649 319 3686 „
346 3593 450 3680 uosira
474 3594 629 3683 mercede,
650 3620 689 3662 ex
708 3611 792 3663 terra
811 3590 936 3682 nnita,
962 3616 1057 3688 quam
1191 3591 1265 3684 Ego
1292 3585 1439 3684 osprand
1471 3586 1715 3678 Subdiaconuc,
1751 3587 1907 3660 Notarius

294 3737 318 3787 ·„
347 3696 380 3764 in
409 3695 474 3791 ipsa
498 3698 564 3766 ioco
588 3693 721 3789 Apulia
745 3694 918 3783 babemus,
946 3693 980 3764 in
1006 3714 1058 3767 ta·
1134 3686 1245 3782 fhnbie
1268 3687 1415 3774 Lucensis
1437 3687 1591 3780 Ecciefie,
1618 3686 1827 3784 quantumin
1848 3715 1906 3760 eu·

293 3848 319 3888 „
345 3795 421 3865 buia
457 3821 524 3865 uno
551 3795 719 3890 recipiente
755 3794 908 3866 modiolas
941 3795 1055 3865 bucole-
1142 3789 1291 3862 tenticum
1317 3787 1453 3882 inveni,
1488 3817 1542 3862 nec
1571 3791 1649 3886 plue
1674 3789 1818 3880 ataias,
1854 3817 1908 3863 nec

291 3950 317 3988 „
344 3894 431 3983 cim,
468 3895 502 3964 in
536 3923 601 3991 qua
626 3917 711 3966 terra
741 3896 809 3966 (sc.
845 3901 918 3991 Ego
951 3915 1057 3968 autern
1085 3891 1118 3962 D
1144 3891 1276 3962 menime
1295 3890 1444 3988 scripsi.v

292 4051 317 4089 „
344 4001 370 4066 S
371 3995 523 4090 igemund
547 3995 805 4090 Archipresbiter
830 4022 896 4069 una
913 4022 981 4066 cum
999 4023 1055 4068 au·
1193 3993 1317 4089 Atque
1343 3989 1511 4064 hellenus
1536 3989 1579 4066 de
1614 3991 1806 4083 Gasindiis,
1842 3992 1906 4092 qui

293 4149 318 4190 „
346 4095 491 4167 &oritate
517 4096 561 4166 (J
586 4095 728 4188 consensu
745 4099 895 4194 gmmant'
921 4097 965 4167 Φ·
990 4103 1053 4173 Do·
1143 4089 1253 4168 iidem
1282 4089 1383 4165 fuine
1408 4089 1578 4167 videntur
1603 4111 1709 4192 atque
1743 4095 1909 4194 Gardingi

292 4253 317 4291 „
345 4196 428 4269 mini
452 4197 514 4268 mei
532 4196 777 4296 Talesperiani
797 4195 988 4296 Episcopi,
1013 4199 1058 4269 (θ’
1098 4185 1107 4197 ”
1143 4191 1234 4293 apud
1261 4192 1401 4267 Gothos
1428 4191 1624 4291 Hispaniae
1651 4193 1907 4289 dominantes,

291 4353 317 4392 „
344 4297 447 4384 nosira
477 4299 609 4396 propria
642 4299 778 4396 pecunia
802 4321 861 4395 pro
886 4298 984 4386 nasim
1009 4326 1056 4370 re·
1143 4320 1295 4390 quorum
1331 4293 1469 4367 mentio
1495 4291 1541 4367 est
1576 4293 1615 4368 in
1644 4295 1803 4397 Legibus
1829 4297 1909 4372 wi.

292 4453 318 4491 „
344 4399 465 4489 medio,
484 4401 580 4496 offero
606 4398 650 4471 dr
672 4401 754 4471 dono
777 4399 812 4470 in
834 4400 960 4498 prefato
977 4400 1054 4491 sart·
1143 4393 1382 4495 figothoeum,
1408 4397 1443 4467 bc
1470 4392 1510 4469 in
1531 4396 1702 4472 Concilio
1725 4400 1907 4472 Toletano

292 4555 318 4594 „
343 4497 392 4568 bio
416 4505 522 4591 Loco,
559 4503 604 4572 (ν’
638 4523 722 4575 terra
747 4499 853 4587 nosbm
875 4503 920 4571 ad
944 4507 1057 4573 Remea
1143 4499 1243 4571 xm.
1268 4500 1324 4570 Eo
1349 4495 1495 4570 nomine
1520 4497 1725 4598 optimates
1755 4497 1812 4571 seu
1841 4501 1905 4572 Pa·

291 4601 382 4694 „de
409 4599 544 4692 Casaie,
579 4608 663 4698 pso]
695 4603 814 4674 dicitur
847 4601 986 4673 Sinduni
1021 4603 1064 4674 in‘
1139 4597 1246 4673 latini
1286 4595 1382 4690 viri,
1417 4599 1621 4696 Conigiani,
1661 4597 1904 4697 fignificoban·
2050 4667 2054 4674 .

288 4758 315 4796 „
336 4723 445 4799 pezza
491 4727 558 4771 una
593 4705 758 4798 recipiente
796 4703 948 4774 modiolas
982 4703 1052 4777 &a
1140 4717 1224 4776 tur:
1261 4725 1373 4799 eoque
1399 4697 1497 4774 sensu
1530 4702 1566 4772 &
1593 4698 1745 4784 Gasindii
1779 4724 1922 4776 vocem·

289 4859 314 4896 „
342 4807 395 4874 Ita
421 4821 457 4872 ut
482 4828 551 4873 cum
575 4804 688 4874 exinde
712 4801 833 4890 Christi
863 4805 1054 4902 perciperint
1084 4815 1113 4884 Ε
1142 4801 1342 4902 usurpatam
1361 4799 1538 4876 vidimus.
1565 4803 1695 4874 Monet
1714 4817 1831 4874 autem
1852 4803 1908 4878 lo·
1994 4835 1995 4838 ¹

291 4960 315 4996 „
340 4909 526 5000 Pauperes,
561 4904 699 4978 Domino
729 4905 857 5003 gratias
892 4905 1052 4998 reserant,
1142 4930 1228 4996 cus,
1269 4919 1311 4978 ut
1345 4901 1483 5002 aliquid
1518 4900 1628 4976 etiem
1664 4899 1707 4974 de
1742 4903 1909 4991 Deiiciosis

292 5059 316 5096 „
343 5007 387 5073 (9·
412 5005 694 5102 nobispsoveniat
719 5009 764 5080 ad
789 5007 1053 5103 remedium.1p·
1141 5005 1367 5096 adferamus,
1408 5029 1517 5104 quum
1560 5028 1681 5077 eorum
1724 5001 1906 5080 interdum

291 5159 316 5194 ,‚
336 5103 409 5195 sum
442 5130 518 5176 uero
552 5110 781 5182 Zenebocbium
816 5113 892 5180 dum
917 5133 973 5206 ego
997 5109 1073 5205 qui,
1121 5108 1277 5184 ‚mentio
1296 5124 1458 5181 occurrat
1477 5105 1516 5180 in
1532 5103 1612 5200 aevi
1632 5103 1805 5182 barbarici
1830 5131 1907 5180 mo·

765 5232 772 5242 ·
1703 5232 1851 5282 numen·
