4534 6164
523 455 616 544 739
790 419 1235 544 ANTIQUJT.
1283 415 1535 510 MEDII
1581 415 1774 508 mr
1941 448 2067 538 με

459 567 538 616 nnm
565 541 704 636 Reduifi
727 545 858 618 Neratii
881 545 1023 641 publici,
1050 551 1154 619 Anno
1176 544 1225 616 di·
1256 543 1289 616 A
1316 541 1384 618 tali
1413 537 1566 614 Domini
1588 539 1689 615 Anni
1717 538 2020 616 occhxxx.
2057 556 2131 640 ped

459 669 574 719 vorum
594 653 817 742 Imperatorum
837 648 1031 720 Hluelowici
1054 648 1223 720 Naaaaai.
1295 615 1448 748 italiam
1494 641 1594 716 suiss'e
1640 647 1774 718 Romae
1817 643 2127 718 coronationem

461 771 533 837 mo,
561 752 605 820 D·
629 749 797 823 Klorbarii
819 743 889 842 e'p'us
905 749 985 842 filio
1003 750 1146 841 ottavo,
1173 757 1222 822 In·
1318 743 1446 820 Caroli
1472 742 1584 820 Ctalsr
1609 744 1779 845 Augusti.
1806 745 1927 816 Meam
1953 742 2128 820 senten·

461 849 600 925 cinnae
624 851 756 924 Decima
780 849 857 951 (*).
885 860 963 948 Qua
992 853 1131 925 Camala
1154 875 1223 950 per·
1320 847 1408 922 tiam
1433 847 1467 920 ἃ
1494 846 1556 920 ista
1582 845 1716 922 Charta
1740 843 1950 920 coorfimat.
1977 850 2047 918 En
2076 862 2127 920 ut

461 951 566 1039 sessa,
602 973 677 1026 tunc
711 955 986 1052 interrogaverunt
1018 954 1227 1051 suprascripti
1319 957 1421 1022 Anno
1444 954 1703 1022 DCCCLXXX.
1726 949 1782 1019 elie
1807 952 1965 1022 XXVIII.
1998 953 2126 1020 Men·

333 1100 338 1110 ·
453 1059 486 1148 J
488 1057 592 1130 udices
617 1055 871 1148 Notbclarium,
891 1056 925 1143 Ji
949 1058 1144 1128 contenderet
1165 1057 1220 1128 ali·
1313 1051 1360 1136 fis
1387 1055 1586 1142 Decembris,
1613 1050 1791 1122 Indiiie’one
1826 1056 1915 1124 XIV.
1947 1049 1981 1124 is
2022 1055 2119 1124 Rex

461 1160 535 1254 qun
559 1179 666 1231 canna
693 1158 793 1256 ipsam
818 1165 952 1232 Cariam
976 1160 1047 1230 (rc.
1065 1162 1144 1254 ραι·
1162 1163 1224 1230 Mt·
1320 1153 1568 1228 tantummodo
1591 1154 1812 1253 appellator,
1838 1172 1946 1251 atque
1963 1159 2120 1225 Annus

461 1261 629 1338 rhekarius
653 1260 739 1333 dixit
765 1264 810 1332 D
832 1258 982 1359 proseffns
1007 1261 1074 1348 est:
1099 1265 1222 1334 Catto-
1318 1258 1479 1328 Secundus
1513 1256 1622 1352 Regni
1656 1254 1731 1356 ejus
1767 1253 1949 1344 decurrit,
1995 1256 2121 1330 nulla

461 1367 498 1438 la
538 1361 640 1458 ipsa,
681 1388 788 1461 quam
825 1365 844 1434 i
882 1378 979 1462 parte
1018 1361 1225 1436 Monasterii
1320 1358 1466 1457 Imperii
1502 1355 1842 1432 commemoratione
1869 1355 1987 1429 sosia.
2031 1361 2119 1432 Ne·

461 1463 584 1542 Sansii
619 1464 775 1540 Zenonis
810 1463 1021 1554 ostendistis,
1061 1465 1153 1538 bona
1189 1465 1223 1537 tr
1255 1457 1283 1528 B
1317 1486 1385 1560 que
1412 1476 1512 1559 putes
1536 1467 1682 1532 Annum
1711 1457 1804 1533 hunc
1831 1461 1851 1532 i
1877 1457 2114 1536 Nativitate

460 1593 547 1643 vera
572 1565 618 1642 est
642 1568 710 1640 &o
737 1576 819 1638 Cum
846 1567 910 1664 ipse
935 1566 1151 1643 Norhelarius
1176 1588 1223 1638 ra·
1322 1561 1469 1635 Domini
1506 1559 1692 1636 exordium
1720 1560 1868 1660 cepisse.
1905 1565 2010 1637 Nam
2047 1566 2113 1634 Ia.

461 1671 540 1742 litet·
562 1665 710 1766 prrseffns
730 1665 862 1762 sniss'ct,
888 1693 963 1740 tnnc
983 1668 1166 1763 judicatum
1185 1668 1228 1755 efl
1316 1663 1413 1734 dissic
1432 1667 1520 1736 XIV.
1540 1661 1818 1748 revera‘indicat
1836 1669 1976 1766 osonum
2010 1669 2112 1740 880.

461 1772 642 1869 asperseris
658 1771 855 1864 juniolas,
883 1774 967 1867 quod
987 1792 1066 1867 pars
1092 1769 1225 1864 prodisse
1318 1791 1427 1863 quum
1454 1765 1652 1866 Septembri
1680 1762 1803 1839 Mense
1835 1765 1873 1838 in
1901 1761 2011 1840 cursu
2045 1792 2108 1840 ea·

462 1873 656 1961 Monasterii
680 1872 795 1944 Sansii
819 1873 959 1944 Zenonis
980 1875 1111 1943 eundem
1130 1879 1220 1943 Mon·
1317 1867 1395 1942 dem
1407 1865 1656 1966 coeperitesse.
1671 1870 1924 1956 Praeterea,trt
1938 1867 2016 1941 alia
2030 1867 2107 1941 vi·

462 1997 525 2048 tem
562 1977 656 2048 Valle
690 1973 805 2066 Scrofa
841 1975 875 2045 in
912 1975 1069 2070 integrum
1100 1975 1226 2065 uberet,
1318 1969 1531 2044 cecomitum
1554 1967 1697 2067 vestigia
1719 1967 1953 2070 colligamus,
1973 1995 2104 2043 mem·

463 2079 509 2148 Θ·
536 2077 599 2173 ipse
625 2075 841 2151 Norbelarius
874 2075 986 2146 exinde
1020 2071 1078 2168 effe
1103 2095 1223 2146 conten·
1316 2069 1459 2144 branam
1481 2069 1555 2144 ridi
1577 2069 1615 2144 in
1636 2067 1910 2144 Mediolaneofis
1928 2072 2104 2145 Ambro-

461 2199 515 2250 tus
540 2179 586 2248 D·
611 2177 751 2250 tacitus.
788 2179 836 2246 Er
862 2175 967 2268 finita
1002 2173 1153 2263 estimer
1177 2201 1227 2245 eos
1315 2170 1398 2245 srani
1424 2171 1602 2244 Coenobii
1625 2170 1789 2245 Archivo
1813 2169 1977 2271 scriptam
2006 2180 2099 2247 Aa·

461 2281 534 2381 ipsa
571 2279 744 2350 contencio.
783 2283 985 2373 Quapropter
1022 2305 1061 2347 err
1092 2276 1227 2370 juffione
1315 2297 1355 2342 no
1380 2273 1571 2344 illudowici
1598 2273 1799 2369 Imperatoris
1825 2273 2089 2370 Vigefimc.....

461 2383 583 2458 Domni
607 2379 803 2474 Sansliffimi
821 2379 989 2452 Adelardi
1014 2379 1164 2479 Episcopi
1182 2381 1225 2450 tr
1253 2374 1285 2445 C
1315 2373 1491 2446 Indiiiisne
1518 2378 1577 2446 III.
1607 2371 1675 2446 hoc
1701 2374 1769 2465 en,
1797 2396 1966 2471 quantum
1998 2374 2092 2474 qui·

457 2485 743 2584 prenominatorum
755 2481 913 2575 judicum
925 2479 1220 2578 scripficgoGran·
1313 2473 1392 2548 <lem
1424 2474 1600 2564 arbitror,
1627 2477 1736 2548 Anno
1766 2475 1899 2552 Christi
1928 2479 2092 2552 DCCC·

456 2587 564 2678 sulfur
599 2583 752 2658 Notarius
787 2584 867 2656 hanc
893 2581 1064 2673 noticiam,
1099 2582 1222 2655 diiian·
1313 2581 1426 2650 LXX.
1442 2575 1506 2650 nist
1524 2575 1700 2650 reserenda
1716 2575 1757 2650 stt
1772 2578 1814 2651 ad
1833 2579 1966 2676 primos
1982 2603 2089 2654 men·

461 2689 549 2760 tibus
573 2686 683 2778 eisdem
700 2684 880 2775 jndicibus
901 2706 959 2779 pro
980 2683 1095 2774 futura
1126 2683 1220 2780 prise·
1312 2676 1361 2751 ses
1388 2682 1488 2752 Anni
1529 2683 1743 2754 DCCCXL.
1770 2707 1842 2778 quo
1870 2681 2088 2756 Ludovicus

459 2789 571 2864 uitatis
590 2787 759 2877 memoria,
780 2785 837 2878 jeu
854 2783 957 2876 firma
971 2783 1151 2870 [labilitate
1168 2812 1216 2856 ve·
1312 2779 1396 2852 Pius
1424 2779 1600 2880 Augustus
1625 2784 1643 2854 ὲ
1670 2780 1765 2854 rivis
1791 2784 1958 2858 excefftt.
1984 2783 2090 2857 Nati·

460 2890 614 2965 nerabr'lis
639 2889 720 2979 loci,
746 2895 849 2961 Anno
868 2887 1037 2980 salutifere
1054 2913 1090 2958 ac
1112 2910 1215 2983 peren·
1310 2880 1391 2953 ciam
1408 2881 1582 2973 firmitatis
1601 2881 1734 2956 Charta
1759 2882 1824 2956 illa
1847 2885 2016 2977 exhibet,
2042 2883 2087 2957 itt

460 2995 546 3065 niter
571 2992 731 3066 adorande
757 2989 991 3062 Incurnucionis
1018 2989 1151 3059 Domini
1170 3015 1221 3058 no·
1310 3009 1381 3080 qua
1403 2983 1594 3056 Amalricus
1620 2985 1787 3056 Vicecomes
1812 2987 1976 3060 Civitatis
2005 2991 2089 3057 Me·

451 3093 516 3184 stri
540 3101 572 3188 J
574 3096 625 3189 esre
650 3090 770 3178 christi
804 3095 1063 3163 DCCCLXIIII.
1098 3089 1220 3162 Princi·
1310 3081 1522 3176 dicsanensts,
1548 3083 1648 3176 filius
1683 3089 1841 3182 quondam
1878 3089 2085 3176 Waidcrict‘,

455 3219 555 3295 patus
582 3215 686 3268 autem
722 3192 843 3265 Domni
876 3191 1069 3284 Sereniffimi
1103 3191 1222 3264 Karoli
1311 3186 1367 3282 que·
1386 3185 1456 3277 suit
1483 3191 1650 3258 Vicecomes
1685 3187 1781 3284 ipsine
1817 3189 1998 3278 Civitatis,
2023 3210 2086 3285 pet

458 3299 562 3394 Regis
586 3297 638 3370 bic
663 3297 698 3366 in
727 3294 827 3365 Italia
851 3299 954 3365 Anno
979 3295 1143 3383 Secundo,
1169 3291 1221 3364 die
1251 3273 1286 3344 Ῑ)
1305 3289 1609 3384 pampanum'viris
1635 3289 1679 3359 θ
1688 3343 1800 3364 ......
1829 3291 1843 3386 (
1856 3291 1948 3366 nihil
1977 3288 2083 3364 aliud

460 3397 608 3486 Vicestmo
633 3395 745 3470 aliave
779 3392 902 3480 Mensis
930 3395 1129 3486 Decembris,
1165 3397 1218 3467 In·
1308 3389 1405 3463 oculi
1434 3387 1505 3462 mei
1533 3388 1623 3464 mihi
1650 3390 1884 3464 exhibuerunt
1910 3391 1974 3462 nifi
2001 3417 2080 3459 con·

457 3501 594 3574 disiione
620 3498 870 3594 Quartodecima
890 3495 1048 3587 selicim.
1185 3515 1197 3534 ‘
1308 3491 1397 3562 catil.
1432 3488 1572 3564 sortasse
1607 3493 1798 3588 cultellum)
1829 3491 1880 3582 seo
1912 3489 2075 3582 feliugnnr

508 3603 707 3676 Adelardus
743 3598 860 3673 servus
902 3595 1080 3670 servorum
1122 3595 1219 3686 Dei,
1309 3595 1481 3683 nodatum,
1508 3612 1602 3689 atque
1628 3593 1742 3687 vasone
1765 3613 1846 3663 terre
1872 3593 1941 3666 (rc.
1977 3595 2079 3690 Ergo

457 3703 604 3779 sanstae
633 3697 839 3772 Veronenfis
875 3693 1048 3769 Ecclesiae
1074 3694 1216 3797 Episco·
1308 3691 1339 3766 is
1359 3689 1494 3768 Saliene
1514 3692 1570 3768 seu
1593 3694 1781 3769 francicae
1805 3694 1960 3768 nationis
1985 3691 2078 3767 soit.

456 3830 521 3908 pus
548 3827 587 3875 ac
613 3799 740 3874 Minus
767 3793 965 3896 subscripsi.
1305 3796 1375 3869 Sub
1395 3791 1501 3868 finem
1529 3821 1669 3894 quoque
1695 3796 1828 3870 Saeculi
1852 3797 2076 3871 Christianae

506 3903 642 3981 Natalis
658 3903 773 3995 Judesr
796 3902 914 3972 Domni
940 3899 1043 3998 Regis
1065 3899 1216 3990 interfui.
1307 3893 1429 3971 salutis
1457 3897 1553 3970 Noni
1578 3898 1735 3972 occurrit
1760 3898 1849 3970 mihi
1880 3901 2076 3995 ingelbertus

506 4009 678 4080 Matrinus
687 4007 717 4096 J
719 4007 801 4076 ucles
816 4003 935 4076 Domni
949 4002 1052 4099 Regis
1066 4002 1216 4095 interfui.
1308 3999 1475 4070 Vicecomer
1489 3999 1665 4084 Parmensis
1684 3999 1722 4073 io
1743 4000 1947 4100 Diplomate
1966 4004 2075 4076 Lam·

506 4113 580 4204 Ego
605 4108 802 4180 Adelberrur
826 4105 988 4177 Scaoinus
1013 4104 1156 4196 ibisci.
1308 4099 1398 4174 berti
1436 4101 1683 4196 Imperatoris.
1719 4103 1806 4204 Ejus
1841 4101 2072 4198 archetypum

506 4217 580 4306 Ego
598 4207 780 4302 Gisaiarr'us
798 4208 960 4279 Scavinus
980 4205 1119 4296 ibisci,
1147 4206 1215 4286 &c
1248 4181 1277 4252 Ε
1306 4200 1344 4274 io
1372 4200 1432 4276 suo
1459 4203 1765 4300 Chartophylacio
1791 4203 1976 4278 adservant
2003 4207 2075 4278 Ca·

505 4315 642 4409 Signum
668 4335 781 4382 manus
806 4312 1012 4398 Promisere,
1039 4307 1097 4404 qui
1121 4304 1216 4377 inter·
1307 4302 1474 4378 thedralis
1503 4305 1679 4408 Regiensis
1711 4303 1884 4379 Ecclesiae
1913 4303 2075 4379 Canoni-

450 4417 541 4511 fuir,
571 4415 615 4486 D·
641 4439 769 4492 martum
788 4410 882 4502 suam
905 4409 1010 4507 posuit
1035 4410 1106 4481 Dc.
1273 4442 1284 4478 s
1306 4403 1359 4478 ci.
1383 4409 1469 4501 Quo
1490 4410 1621 4482 rariora
1648 4407 1727 4482 sunt
1752 4405 1922 4509 ejusmodi
1948 4433 2074 4480 mono·

508 4521 548 4591 In
585 4512 828 4590 Dissertation.
861 4513 959 4587 XLI.
984 4513 1023 4584 'de
1056 4509 1219 4584 Nominis.
1308 4529 1423 4581 menta
1450 4508 1492 4582 ad
1523 4511 1699 4584 seculares
1730 4509 1827 4583 viros
1855 4507 2072 4611 speliantia,

455 4621 499 4692 ti·
523 4615 737 4718 Agnominib.
766 4611 967 4703 ostendam,
996 4629 1120 4687 nutare
1157 4615 1217 4685 Pa·
1305 4637 1348 4684 co
1373 4610 1545 4688 libentius
1571 4612 1638 4687 hoc
1666 4611 1866 4716 proferam.

455 4722 507 4826 gii
531 4717 743 4798 sententiam
770 4712 1039 4811 contendentis,
1063 4713 1121 4791 die
1146 4718 1216 4792 Na·
1290 4785 1298 4818 ,
1433 4731 1438 4740 ·

536 5246 586 5329 (’)
607 5249 681 5316 Hoc
701 5243 743 5314 est
765 5245 865 5315 Anno
887 5242 1171 5360 DCCCXIIXII.
1254 5219 1255 5222 Ἴ
