4628 6148
496 437 593 550 ‘287'

769 425 1199 550 ‘antinum
1256 423 1484 520 naon
1536 427 1713 522 atvs

1911 421 2003 520 'ets'

442 545 575 649 rigium
596 549 639 625 de
664 551 791 652 Crypt.
810 551 929 626 Varie.
952 555 1044 624 Part.
1070 573 1103 624 a.
1129 575 1205 650 pag.
1241 550 1420 644 Arandi,
1455 551 1623 650 Gregorius
1647 559 1745 645 Dae,
1782 543 1959 626 Dominus
1994 551 2065 620 Tar

444 671 464 744 ς
472 673 530 750 37.
558 655 593 726 ἃ
619 654 711 752 apud
737 651 1040 728 Crescimbenium
1071 651 1108 725 in
1137 651 1204 725 Hi·
1295 653 1422 746 sculaai
1448 671 1688 728 memoratur.
1723 653 1819 728 Idem
1846 650 1890 724 de
1914 645 1997 724 aliia
2021 673 2063 722 o·

440 751 521 828 sior.
551 753 746 828 Diaconiae
781 751 1075 830 Cosmediuianae
1103 753 1202 827 osser·

441 869 503 928 tur
526 855 629 930 nobis
654 859 813 929 Romana
838 852 1050 948 Inscriptio,
1074 855 1111 928 in
1135 879 1205 952 qua

442 973 659 1031 memoratur
684 955 875 1044 Eusthatius
909 955 1083 1027 immeritus
1107 961 1205 1030 Dux.

439 1055 548 1150 Quod
576 1057 725 1132 miratus
759 1056 859 1148 sum,
885 1055 946 1131 bic
981 1056 1082 1131 suisse
1108 1057 1205 1131 vide·

440 1177 500 1232 tur
536 1156 743 1248 Diaconus,
780 1174 842 1234 aut
882 1155 1005 1232 saitem
1041 1157 1205 1233 Minister

439 1259 636 1335 Diaconiae
658 1257 807 1334 Sandiae
830 1257 968 1335 Mariae
994 1259 1033 1334 in
1058 1259 1201 1336 Cosme·

439 1361 525 1455 din,
553 1385 664 1460 quum
699 1357 734 1434 sc
769 1359 938 1435 inscribat
972 1361 1045 1434 huic
1072 1361 1204 1456 saniiae

1302 753 1416 856 pinati
1436 753 1487 828 sas
1506 754 1572 829 en.
1591 752 1813 830 Consuevere
1834 747 1967 853 pariter
1985 751 2063 824 Au·

1301 854 1388 956 gusti
1423 855 1551 931 Graeci
1587 855 1733 930 statuere
1768 851 1939 930 Praefidcs
1979 873 2062 924 cum

1301 956 1433 1032 Titulo
1456 964 1580 1032 Ducam
1604 955 1643 1032 in
1665 957 1713 1030 iis
1733 954 1855 1029 Italiae
1879 951 2062 1055 partibus,

1300 1085 1385 1158 quas
1410 1061 1431 1133 d
1457 1057 1773 1160 Langobardorum
1809 1054 1985 1130 invasione
2015 1052 2064 1128 is·

1300 1159 1406 1235 laesas
1429 1159 1563 1234 servare
1587 1173 1799 1262 potuerunt.
1822 1158 1931 1230 Anno
1953 1153 2064 1232 Cbri·

1299 1261 1338 1335 sii
1373 1265 1454 1338 DC.
1491 1261 1637 1336 Sandius
1674 1257 1867 1360 Gregorius
1907 1259 2062 1358 Magnus
2185 1297 2189 1308 ·

1302 1367 1391 1464 Papa
1426 1363 1509 1438 Lib.
1537 1367 1565 1436 1.
1591 1362 1738 1464 Epistol.
1766 1359 1902 1460 primi,
1928 1355 2063 1456 scripbt

437 1465 614 1538 Diasant'ae
639 1462 917 1560 Dispensatorem:
940 1462 993 1540 ita
1019 1464 1115 1538 enirn
1143 1491 1203 1565 ap·
1237 1465 1265 1538 Β
1296 1463 1478 1558 Gadt'scalco
1502 1465 1598 1539 Daci
1631 1461 1849 1561 Campaniae,
1879 1463 1916 1534 ἃ
1951 1462 2063 1534 Antio

1301 1569 1432 1642 uclv.
1457 1568 1605 1642 alteram
1629 1565 1728 1642 dedit
1752 1561 1969 1663 Epistulam,
1989 1557 2062 1636 hae

1297 1667 1343 1743 esi
1368 1666 1541 1742 decimam
1570 1667 1671 1743 Libr.
1696 1669 1795 1740 xlv.
1819 1665 1964 1736 Gaduiaa
1989 1667 2063 1736 na·

1297 1770 1326 1841 ci
1360 1769 1538 1866 Neapolis.
1575 1773 1764 1870 Propterea
1798 1764 1837 1838 in
1862 1761 2062 1840 noviffina

1297 1869 1455 1946 editione
1473 1873 1631 1970 Operum
1654 1868 1806 1988 ejusdem
1832 1864 2063 1950 SandiiGre·

1344 1971 1391 2046 rii
1418 1973 1438 2044 d
1465 1970 1703 2046 celeberrimas
1730 1965 1920 2044 Monacbis
1950 1969 2061 2042 Bene

1321 2072 1444 2148 {uinis
1471 2077 1648 2174 Congreg.
1675 2069 1794 2146 §antii
1820 2067 1943 2144 Mauri
1968 2065 2061 2142 sabia

437 1563 563 1667 ptllati
581 1561 734 1638 Diaconi
750 1562 859 1640 etiam
879 1565 918 1640 in
934 1563 1101 1666 Epistolis
1115 1569 1200 1640 Gre-

437 1663 532 1768 gorii
566 1663 696 1766 Magni
732 1668 866 1768 Papae.
895 1665 1004 1766 Apud
1040 1667 1200 1742 eumdem

437 1765 650 1868 Turrigium
686 1793 764 1869 pag.
793 1791 877 1865 541·
914 1767 1104 1870 Inscriptio
1131 1774 1200 1844 Ro·

437 1895 541 1944 mana
561 1870 715 1992 legitur,
731 1893 905 1944 marmore
924 1869 1121 1970 insculpta,
1136 1877 1197 1946 Ca·

437 1973 647 2063 nasama
668 1992 729 2069 par
753 1971 929 2044 Indiiiione
953 1972 1098 2062 osiana,
1124 1979 1200 2046 Aa·

438 2101 478 2146 no
507 2075 548 2146 ab
575 2073 671 2146 initio
696 2074 824 2145 dstsndi
848 2079 913 2144 Sex
947 2075 1052 2146 Milia
1077 2077 1200 2150 Ducere·

439 2196 487 2246 tos
506 2174 678 2271 sexaginta
712 2195 797 2266 tres,
824 2195 958 2272 tempore
985 2177 1106 2247 Domni
1131 2181 1200 2246 Str·

434 2277 540 2376 phani
555 2275 697 2368 junioris
713 2281 845 2372 Papae,
866 2275 950 2350 idest
970 2279 1078 2352 Anno
1098 2274 1202 2350 Chri·

1298 2173 1339 2248 ad
1377 2175 1461 2249 Lib.
1488 2177 1592 2248 Vlss.
1619 2172 1725 2276 Epist.
1755 2195 1790 2270 3.
1819 2170 1968 2244 habetur
1992 2171 2062 2244 At.

1298 2274 1445 2350 raserrac
1464 2273 1671 2366 adnotatio,
1687 2271 1956 2362 contendentis,
1971 2289 2062 2346 teta·

439 2377 481 2452 ssi
508 2379 692 2453 DCCLV.
719 2375 758 2452 in
794 2401 863 2478 qua
899 2377 1074 2449 Theaetetus
1107 2377 1205 2448 balim
1238 2373 1270 2446 C
1300 2403 1383 2474 pore
1409 2374 1513 2476 hujus
1540 2376 1729 2452 Pontificis
1754 2375 1893 2448 Comites
1911 2373 2063 2472 fingsia.

441 2487 541 2571 Dux,
561 2507 643 2553 nunc
664 2477 869 2552 Primicerius
885 2477 1023 2552 sannae
1040 2481 1134 2550 sedis
1150 2487 1204 2554 vs·

436 2579 620 2682 pojioiicae,
647 2581 690 2652 (θ’
712 2600 805 2678 pater
830 2578 906 2674 sajus
930 2579 1099 2652 Benedisii
1122 2580 1204 2654 Dia.

439 2683 509 2758 soni
543 2681 652 2778 cisalo
685 2680 854 2773 edificavit
883 2703 943 2780 pta
968 2681 1204 2774 interceffionern

440 2786 566 2859 animae
586 2785 666 2880 fuae
701 2785 745 2854 (⁹⁹
769 2783 939 2855 nandium
973 2783 1110 2854 omnium
1131 2805 1201 2879 pec·

441 2909 598 2960 snorum.
617 2883 773 2960 Chartae
795 2906 937 2984 quoque
962 2882 1109 2980 scriptae
1128 2891 1204 2958 Aa·

442 3015 481 3063 aa
509 2991 563 3060 VI.
582 2985 749 3080 Jobaanis
774 2991 846 3058 XV.
874 2993 1003 3083 Papae,
1031 2983 1114 3059 idest
1133 2989 1205 3059 An.

441 3087 575 3164 Christi
611 3089 861 3162 Decccxc.
897 3086 936 3160 in
976 3085 1061 3161 Lib.
1097 3089 1205 3160 MSto

440 3187 564 3280 Jacobi
589 3187 768 3262 Grimaldi
794 3189 834 3259 de
853 3187 1048 3280 sacrsfieniio
1070 3189 1207 3262 sudaria

441 3413 554 3490 neptus
586 3383 780 3480 Pontificis,
817 3385 861 3458 (9·
895 3393 973 3459 Dux
996 3388 1176 3473 Aricienlis
1189 3416 1205 3460 .·

440 3500 516 3592 quo
549 3487 718 3581 nomine,
744 3507 785 3564 ut
810 3487 960 3588 opinor,
989 3485 1205 3588 fignificatur

440 3595 633 3693 Castellum
656 3591 874 3690 Campaniae
897 3615 990 3662 nunc
1014 3591 1048 3661 la
1072 3591 1203 3664 Riccia.

399 3771 407 3780 ,
441 3699 623 3772 Praeterea
649 3695 688 3766 in
709 3691 955 3766 Additament.
983 3689 1025 3763 ad
1049 3690 1202 3766 Chroni.

440 3823 508 3870 con
531 3791 758 3870 Casauriense
784 3791 804 3862 d
832 3815 888 3864 sne
913 3788 1017 3864 saetis
1041 3793 1201 3868 Partis.

440 3897 554 3974 'sorni
577 3897 625 3970 ss.
651 3897 730 3968 Res.
754 3890 908 3968 italicar.
936 3918 1012 3994 pag.
1035 3916 1122 3992 931.
1140 3900 1199 3967 Pa.

440 4021 509 4074 tttss
521 3999 684 4073 habitatos
698 3995 844 4070 Ciuitate
858 4002 963 4068 Roma
977 3999 1086 4068 Anno
1095 3993 1201 4070 Chri·

438 4099 481 4176 sii
521 4101 832 4178 DCCCLXVIII.
868 4100 995 4174 Curtes
1036 4095 1201 4195 quasdam

1296 2505 1366 2550 snm
1388 2479 1518 2552 Urbium
1527 2507 1547 2568 ;
1566 2485 1671 2552 Duces
1687 2503 1784 2570 ueto,
1803 2476 1971 2569 uniuersae
1984 2483 2064 2548 Pra-

1295 2579 1422 2652 vinciae
1442 2577 1537 2677 sutffl
1560 2577 1764 2673 Praesesias:
1788 2601 1894 2678 quam
1922 2576 1961 2652 itt
1987 2601 2063 2652 rem

1298 2678 1392 2756 idem
1419 2679 1600 2755 Altaserra
1636 2679 1750 2756 adfert
1779 2677 1947 2780 Gregorii
1981 2681 2064 2756 Ma·

1297 2779 1380 2882 gni,
1406 2783 1443 2856 δι
1478 2781 1645 2884 Gregorii
1672 2781 1886 2858 Turonenfis
1920 2779 2062 2879 aliquot

1297 2885 1401 2957 locs.
1438 2887 1573 2958 Verbm
1607 2883 1785 2962 sententia
1819 2884 1905 2959 haec
1940 2903 2064 2960 nutare

1298 2981 1390 3059 mibi
1415 2984 1591 3062 creditur.
1611 2987 1652 3062 Id
1702 2986 1820 3064 uidem
1842 2985 1932 3083 apud
1957 2990 2065 3060 Fran·

1298 3111 1357 3160 cos
1377 3103 1462 3161 tunc
1483 3085 1523 3164 in
1546 3113 1646 3164 more
1670 3013 1762 3181 stit,
1785 3115 1826 3162 ac
1850 3085 2064 3162 Turonenfis

1299 3185 1511 3262 audioritate
1545 3188 1750 3264 confirmari
1785 3187 1921 3288 potcst3
1958 3187 1997 3262 in
2032 3192 2066 3261 1·

339 3355 342 3360 .
438 3291 628 3376 Veneticae,
652 3286 838 3360 subscribit
862 3289 968 3358 Guide
989 3291 1046 3356 oie
1067 3289 1204 3378 nabilis,
1237 3292 1271 3364 D
1300 3288 1386 3362 talia
1421 3292 1506 3361 verb
1532 3288 1604 3362 alia
1639 3289 1855 3362 consuetudo
1880 3287 2065 3362 obtinuit.

1300 3393 1408 3462 Fuere
1428 3385 1585 3488 profesio
1603 3388 1638 3460 dt
1659 3386 1738 3460 heic
1764 3391 1880 3460 Duces
1904 3385 2064 3483 integrae

1301 3487 1509 3562 Provinciae
1538 3485 1735 3588 praestan
1759 3483 1890 3562 'verbm
1918 3485 2063 3560 suerunt

1298 3592 1332 3662 dt
1360 3589 1446 3679 alii,
1473 3589 1601 3688 quibus
1636 3615 1704 3664 una
1732 3588 1877 3664 Civitas
1912 3586 2064 3688 regenda

1298 3690 1610 3766 committebatur.
1647 3691 1763 3792 Hujus
1799 3688 1909 3766 moris
1944 3715 2065 3764 exem·

1300 3794 1356 3890 pla
1382 3793 1555 3866 nonnulla
1581 3793 1652 3894 jam
1680 3791 1815 3894 protuli
1851 3792 1889 3867 in
1921 3795 2067 3891 Lango-

1298 3891 1484 3967 bardorum
1518 3898 1663 3996 Regno.
1702 3897 1808 3971 Nunc
1834 3893 1950 3995 ipsum
1976 3898 2066 3972 Gre.

1298 3991 1437 4095 gotium
1465 3997 1641 4095 Magnum
1669 3995 1726 4070 adi
1751 3995 1835 4071 Lib.
1861 4000 1887 4068 1.
1914 3995 2066 4071 scriben-

1256 4156 1259 4161 .
1301 4115 1373 4168 tem
1401 4093 1593 4194 Epistolam
1621 4099 1761 4170 LVIII.
1786 4095 1938 4182 Aestaa'aa
1963 4097 1978 4192 s
1994 4095 2066 4172 sate

439 4203 565 4280 vendit
597 4200 788 4278 Ludovico
815 4201 862 4274 Is.
890 4197 1123 4298 imperatori,
1150 4216 1201 4272 at·
1235 4213 1262 4282 Ε
1301 4193 1467 4294 Ursssiao)
1493 4197 1600 4286 Daci,
1626 4199 1740 4288 Clara,
1765 4197 1884 4268 ordini
1892 4249 1903 4286 ,
1926 4197 1971 4266 ὁ*
1989 4199 2065 4270 Pie·

440 4332 509 4406 que
534 4301 629 4378 hisce
652 4301 769 4377 verbis
796 4299 829 4374 se
856 4299 1063 4374 subscribit:
1089 4307 1203 4374 Petrus

439 4409 475 4480 in
511 4404 575 4480 Dei
600 4403 723 4476 nomine
755 4400 873 4494 Consul
902 4401 946 4472 Φ
970 4407 1068 4475 Dux.
1106 4404 1201 4474 Inter

438 4507 538 4585 testes
564 4503 696 4606 legitur
712 4503 881 4595 Jsbannes
904 4508 984 4575 Due
1007 4505 1047 4574 de
1071 4504 1200 4574 Ciuita-

437 4627 470 4685 te
496 4619 622 4698 Rana,
647 4613 762 4702 Legem
787 4603 904 4675 vivens
930 4611 1129 4698 Romanam.
1149 4603 1201 4678 Hi

439 4715 629 4788 creduntur
652 4705 743 4798 mibi
769 4703 915 4778 titulum
935 4703 1028 4778 bunc
1052 4704 1200 4804 accepis·

438 4814 474 4888 se
509 4831 569 4888 aut
604 4813 623 4884 b
660 4805 844 4884 Senatorio
878 4805 1110 4906 Magistratu,
1138 4825 1199 4880 aut

439 4918 483 4990 ab
507 4915 627 5012 aliqua
650 4911 769 5002 Urbe,
788 4925 850 4983 aut
871 4907 1048 4999 Casieslo,
1071 4907 1200 5006 quibus

439 5015 727 5101 dominarentur,
752 5029 814 5086 aut
835 5035 926 5118 quae
949 5010 1202 5110 gubernarent.

439 5123 482 5196 In
518 5116 607 5191 Vita
642 5113 762 5190 Sansii
797 5112 880 5190 Nisi
912 5108 1061 5185 Calabri
1096 5113 1204 5184 Tam.

439 5225 506 5296 vt.
532 5225 652 5300 veter.
678 5214 849 5320 Scriptor.
877 5216 1043 5292 Martcne
1067 5213 1104 5290 ds
1131 5213 1230 5288 Dus
1281 5213 1288 5306 Ι

1299 4299 1334 4368 bi
1358 4295 1578 4382 Ariminenlis
1602 4297 1787 4371 Civitates:
1811 4321 1900 4394 quae
1927 4295 2065 4373 indica·

1300 4425 1336 4472 ee
1362 4396 1529 4472 videntur
1555 4423 1665 4473 unum
1692 4397 1792 4472 illius
1819 4396 1928 4472 Urbis
1963 4401 2065 4474 Prae·

1302 4499 1430 4591 fidem,
1464 4502 1585 4596 quales
1609 4497 1719 4573 etiam
1744 4523 1867 4574 severa
1901 4499 2064 4576 censendi
2142 4579 2147 4588 ,

1300 4599 1379 4675 sunt
1412 4601 1548 4698 osgatha
1585 4605 1665 4674 Dae
1703 4601 1873 4686 Penslinae
1905 4602 2065 4674 Civitatis

1303 4701 1445 4776 circiter
1467 4705 1616 4776 Annum
1635 4699 1766 4778 chriti
1787 4706 2002 4779 Dccxxx.
2023 4728 2066 4778 ac

1304 4810 1383 4876 Tota
1416 4809 1496 4876 Dae
1528 4803 1705 4902 Nepefinae
1740 4804 1885 4880 circiter
1916 4807 2066 4878 Annum

1305 4907 1560 4980 uchxvtt.
1586 4905 1856 4980 commemorati
1889 4905 1932 4978 ab
1966 4909 2066 4980 Ana·

1303 5003 1397 5080 stasro
1423 5005 1706 5081 Bibliothecario
1731 5005 1770 5080 in
1799 5005 1898 5082 Vitia
1934 5011 2067 5082 Roma-

1300 5130 1427 5185 norum
1455 5105 1705 5185 Pontificum.

1764 5280 1768 5285 .
1923 5211 2012 5284 Pro·
