4560 6146
497 417 553 526 tr
804 403 1193 534 euerurr.
1241 399 1684 500 Mrnrrarrr
1934 409 1992 520 tr

437 530 524 606 retti
551 525 725 606 Monachi
748 531 973 609 Benedittini
997 533 1036 607 in
1060 529 1199 610 uitrert.
1229 531 1264 604 A
1292 529 1421 606 noniae
1456 523 1636 604 inferioris
1668 529 1756 608 haec
1791 527 1896 604 habet
1930 529 2051 604 Enuor‘

437 629 682 733 Chorograph.
711 631 827 706 Medii
855 632 979 726 Acri,
1005 631 1100 708 edict
1125 637 1194 707 To·

436 757 499 806 mo
528 737 570 806 X.
599 733 837 810 Colledlionis
866 761 963 808 meae
993 739 1072 810 Rer.
1098 733 1194 810 Itali·

436 859 581 928 carum,
600 854 757 912 attamen
774 835 918 936 quando
941 837 1026 912 haec
1053 855 1135 913 tnte
1154 837 1196 912 il·

435 937 511 1020 lum
539 939 660 1040 proelo
684 963 911 1040 paraveram,
938 939 1045 1014 liceat
1061 941 1102 1013 dr
1131 940 1196 1014 mi·

436 1035 475 1112 hi
502 1038 542 1112 in
580 1035 772 1132 praesentia
809 1039 943 1140 publici
972 1039 1060 1144 juris
1084 1037 1198 1117 iacere

308 1183 310 1190 ι
435 1165 547 1238 pauca
566 1140 651 1216 haec
675 1140 717 1216 ad
738 1162 1007 1244 argumentum,
1026 1143 1121 1246 quod
1144 1143 1197 1220 in·

435 1241 957 1352 ppsr,‚‚ag>rime-mettlse¹rit·.
1057 1315 1063 1329 .
1131 1263 1135 1272 '
1197 1259 1250 1326 .”
1296 1251 1401 1348 ΡΜ]

473 1345 758 1446 inuruntur
775 1351 813 1428 er
834 1347 1123 1442 amplitudine&
1144 1321 1196 1426 re

1291 629 1372 705 dius
1395 630 1435 704 in
1464 629 1680 731 Panegyrico
1707 626 1944 706 Theoderici:
1980 627 2053 696 Sir.

1293 732 1456 818 mienfitem
1480 732 1612 805 Civitas
1628 734 1701 804 olim
1721 735 1813 805 limes
1830 730 1947 804 Italiae
1963 725 2052 818 suit.

1296 837 1399 910 illam
1424 833 1667 912 Theodericue
1693 835 1786 912 idem
1812 830 1965 931 Gepidie·
1980 853 2055 904 ece·

1298 959 1392 1037 ptam
1429 941 1564 1039 Regno
1598 936 1721 1013 ltaliae
1756 931 1943 1034 adjunxit.
1983 933 2057 1004 Vc·

1296 1066 1372 1115 rum
1411 1066 1481 1113 non
1517 1043 1560 1114 eb
1596 1039 1704 1139 usque
1743 1031 2058 1137 Langobardorum

1296 1141 1390 1218 ditio
1430 1159 1620 1243 propagata
1660 1141 1729 1216 cll.
1773 1143 1838 1214 Per
1877 1140 2055 1212 Ducatum

1393 1243 1574 1324 'eliensem
1599 1283 1603 1292 ·
1626 1239 1936 1344 Langobardicum
1989 1241 2057 1331 rte

1294 1375 1403 1450 gnum
1423 1366 1506 1424 ante
1524 1349 1694 1424 Carnium
1714 1349 1886 1446 Magnum
1905 1339 1947 1415 ad
1968 1342 2057 1414 Pan·

434 1433 693 1546 iibusduprme
713 1449 909 1548 spediatum
925 1450 1032 1531 duiss'e
1057 1457 1197 1554 Langu-
1229 1463 1257 1534 Β
1299 1449 1424 1526 noniae
1451 1446 1537 1526 finer
1562 1447 1859 1540 protendebatur,
1884 1463 1991 1542 atque
2011 1467 2058 1524 cx

415 1547 625 1634 ¹bardorum
661 1552 700 1626 in
732 1553 838 1629 Italia
875 1557 1060 1652 Regnum;
1097 1556 1196 1672 frici-

433 1675 601 1829 {liiidie
627 1656 1197 1833 6ιὲπὲῒὶ1οτ11ωκ1111ῃ111111111

433 1847 475 2026 iso
500 1853 578 1954 ipso
600 1809 911 1973 ’domprehensam
946 1861 1094 1934 Boream
1122 1865 1195 1934 iler-

435 1959 742 2149 iirp‘r‘iiiffiiif
760 1957 1199 2156 iiii‘ciirii‘iiiii

285 2199 289 2210 ·
433 2181 480 2229 ex
516 2158 761 2256 Langobardie
799 2162 956 2238 Ducibus
992 2166 1198 2263 regebatur,

283 2331 286 2338 ,
434 2251 471 2331 dt
500 2258 673 2358 progreliu
701 2261 871 2358 temporis
899 2291 1004 2338 unam
1031 2291 1074 2340 ex
1100 2266 1196 2340 Itali·

1296 1553 1366 1626 alia
1392 1571 1488 1646 parte
1512 1549 1680 1626 Histriam
1702 1546 1953 1648 contingebat,
1979 1569 2057 1642 pro·

1298 1652 1454 1730 vinciam
1489 1677 1615 1748 nempe
1647 1650 1690 1725 ad
1718 1655 1870 1724 Graecos
1902 1643 2058 1736 spedlnm

1298 1777 1390 1830 tem.
1410 1754 1469 1827 Ad
1495 1751 1672 1828 statuenda
1700 1753 1779 1826 illic
1806 1750 1900 1824 inter
1926 1767 2058 1824 utram·

1298 1883 1365 1956 que
1399 1855 1575 1930 ditionem
1609 1849 1786 1942 confinia,
1823 1847 1958 1924 nonnili
1985 1845 2058 1948 poli

1299 1958 1410 2032 multa
1439 1958 1530 2032 bella
1558 1975 1767 2055 perventum
1793 1951 1865 2043 est,
1901 1977 1941 2026 ac
1966 1969 2057 2026 tem·

1299 2058 1439 2142 notibus
1478 2059 1651 2132 duntaxat
1688 2081 1797 2157 nuper
1826 2051 1961 2130 laudari
1988 2057 2057 2128 Re·

1297 2161 1350 2262 gis
1382 2159 1614 2260 Liutprandi.
1651 2161 1756 2234 Tunc
1790 2155 1886 2232 euim
1918 2156 2060 2232 Paullu-

1298 2262 1373 2338 'cius
1400 2266 1620 2336 Venetorum
1656 2264 1769 2351 Dux,
1802 2261 1837 2332 δι
1865 2257 2058 2332 Marcellus

435 2355 489 2434 cis
514 2358 688 2436 Marchiis
711 2362 916 2438 constituit.
944 2365 1124 2441 Civitates
1147 2394 1190 2443 er·
1232 2371 1264 2440 C
1297 2362 1463 2464 Magister
1498 2363 1694 2453 Militum,
1731 2359 1847 2436 versus
1881 2359 2059 2433 civitate·

434 2481 483 2560 go
509 2461 680 2556 Bergomi,
709 2463 864 2554 Brixiae,
902 2471 1059 2559 Veronae,
1089 2475 1194 2542 Vrcen·

434 2561 527 2651 tiae,
564 2557 703 2636 Patavii
715 2619 728 2653 ,
763 2566 974 2658 Tarvisium,
1009 2570 1198 2668 Aquileia,

354 2733 357 2738 .
435 2662 602 2760 quamvis
622 2663 776 2756 excisas,
796 2684 901 2766 atque
925 2669 1017 2744 aliae
1039 2698 1119 2746 cum
1146 2690 1196 2748 to·

339 2793 343 2798 ·
434 2781 478 2836 to
505 2768 587 2834 Foro
612 2767 707 2858 Julii
741 2769 1055 2869 Langobardorum
1091 2773 1196 2848 ditio·

433 2889 515 2938 nem
540 2865 560 2936 b
580 2867 802 2942 Germanicis
826 2870 1031 2970 regionibus
1055 2873 1191 2950 dirime·

436 2961 548 3040 bant.
589 2966 646 3040 Ad
673 2969 905 3044 Occidentem
939 2974 1021 3074 juga
1046 2975 1197 3074 Alpium

435 3065 544 3144 finem
571 3068 766 3144 statuebant
792 3070 887 3148 inter
913 3078 1074 3175 Regnum
1099 3079 1194 3152 Itali·

435 3193 518 3242 eum
546 3173 582 3242 δε
610 3172 816 3262 Gallicum,
852 3173 921 3249 srve
958 3181 1198 3270 Francorum,

1297 2471 1425 2540 Nouam
1461 2463 1705 2540 stabiliverunt
1741 2461 1854 2551 fines,
1890 2460 1932 2534 ad
1968 2487 2058 2556 quoe

1298 2565 1512 2668 pertingeret
1522 2563 1829 2667 Langobardicum
1844 2562 2056 2662 imperium,

1295 2695 1420 2767 nempe
1447 2665 1597 2742 fluvium
1633 2669 1792 2757 Pia-uem,
1822 2689 1929 2763 quem
1967 2689 2056 2740 non·

1295 2771 1384 2844 nulli
1413 2794 1592 2868 perperam
1629 2784 1755 2864 putant
1782 2765 1977 2842 Amisum.
2013 2763 2054 2840 Id

1294 2870 1479 2972 colligitur
1512 2893 1556 2946 ert
1595 2869 1803 2968 Diplomate
1839 2865 2053 2960 Fabiorum,

1292 2999 1381 3072 quae
1416 2976 1526 3048 Anno
1554 2973 1932 3049 Dccccuxxxnu
1963 2967 2054 3050 inite

1293 3073 1372 3150 sunt
1398 3076 1441 3150 ab
1467 3079 1605 3152 Ottooe
1625 3078 1672 3148 11.
1694 3072 1850 3174 Augusto
1870 3097 1949 3148 curn
1970 3069 2053 3146 Tri·

1293 3178 1387 3250 buno
1424 3179 1523 3250 Duce
1560 3175 1823 3252 Venetiarum.
1859 3175 1952 3250 Illud
1988 3198 2053 3273 ege

434 3265 501 3342 nifi
529 3273 622 3364 quod
652 3269 694 3343 ad
724 3273 946 3372 Burgundiae
974 3280 1135 3374 Regnum
1164 3308 1192 3354 a·
1233 3287 1265 3356 D
1293 3275 1425 3375 publici
1456 3274 1541 3374 juris
1567 3275 1637 3352 feci
1658 3279 1769 3350 Anno
1792 3299 1899 3373 1712.
1918 3276 1957 3350 in
1979 3278 2052 3374 Ap·

434 3369 608 3470 liquando
635 3369 807 3466 spediavit
832 3373 985 3470 Augusta
1011 3382 1197 3472 Praetoria,

435 3497 525 3570 quae
552 3491 670 3546 tamen
698 3473 821 3550 Caroli
846 3476 974 3576 Magni
1000 3504 1117 3570 nero,
1143 3483 1196 3556 uti

434 3575 455 3646 ἑ
484 3572 662 3672 postremis
688 3577 762 3674 ejus
788 3577 918 3652 tabulis
945 3579 1099 3666 constat,
1129 3586 1194 3656 lta·

433 3673 506 3752 liae
535 3676 622 3774 Regi
650 3681 807 3772 parebat.
835 3679 893 3752 Ad
921 3680 1113 3756 Meridicm
1138 3709 1193 3757 ve·

432 3776 812 3951 lbdssssss‘idssi‘
846 3779 1080 3958 upupa?
1098 3787 1193 3958 i¹'⁵'

433 3972 577 4068 fluvio,
611 3903 669 4053 segu
695 3981 715 4052 i
745 3905 867 4056 Ni’ceaq
883 3911 1073 4075 Civietate,
1102 3913 1194 4062 uticii

432 4077 574 4172 Nigra,
611 4105 671 4180 per
697 4082 804 4156 maris
839 4083 925 4159 litus
959 4089 1193 4180 continuate,

1293 3376 1436 3474 pendice
1458 3377 1632 3454 Pleniorie
1654 3373 1894 3474 Expulitionis
1914 3377 2051 3468 Juriun
2079 3387 2086 3397 “

1290 3476 1539 3554 Caesareorum
1565 3504 1606 3554 ac
1631 3474 1820 3552 Estensrum
1846 3476 1885 3552 in
1910 3477 2052 3554 Civita-

1290 3598 1361 3654 tem
1400 3578 1587 3670 Comacli,
1623 3604 1701 3679 pag.
1737 3583 1823 3674 360.
1847 3583 1900 3652 De
1924 3576 2055 3668 finibro

1290 3680 1376 3777 (ita
1404 3681 1454 3758 ibi
1490 3683 1582 3754 Otto
1615 3681 1662 3754 11.
1690 3678 1914 3777 Imperator)
1954 3677 2051 3752 civi·

1289 3782 1367 3854 tatis
1403 3787 1516 3874 Nouae
1542 3783 1741 3870 statuimus,
1776 3801 1813 3854 tet
1846 3777 2050 3871 terminatio,

1288 3910 1367 3980 quae
1391 3886 1414 3954 ὸ
1438 3901 1571 3978 tempore
1595 3882 1794 3980 Liutpratedi
1818 3882 1930 3982 'Regis
1959 3879 2052 3971 sadis

1288 3983 1331 4071 eli
1357 3985 1439 4054 inter
1464 3982 1688 4056 Pauiueionern
1712 3989 1858 4075 Ducem,
1885 3984 1929 4054 O
1956 3986 2051 4054 Mar·

1289 4086 1399 4158 cellum
1418 4083 1615 4181 Magistrum
1635 4085 1807 4174 Militum,
1821 4085 1965 4190 dgigtceps
1982 4109 2049 4156 ma·

434 4175 542 4276 usque
567 4180 723 4281 adlinet
752 4186 902 4260 Romani
935 4190 1118 4276 Ducatus,
1155 4218 1194 4264 ac
1223 4211 1252 4278 Ε
1289 4211 1360 4258 nere
1384 4184 1626 4275 debeat,>idefl
1650 4188 1690 4257 de
1712 4186 1817 4260 Plani
1842 4184 1977 4277 majori,
2012 4209 2049 4254 n·

432 4300 616 4380 propterea
651 4286 749 4358 Litus
783 4287 957 4380 italicum,
993 4315 1033 4364 ac
1065 4291 1195 4380 Tusciae
1282 4287 1360 4383 sque
1385 4286 1420 4358 ire
1446 4286 1582 4360 Plauim
1599 4285 1733 4372 fictam.
1755 4293 1974 4376 Repetuntur
1993 4311 2050 4359 ea·

432 4385 609 4458 nuruum,
637 4386 743 4480 Quod
763 4385 869 4462 estad
889 4389 1097 4483 Orientem,
1121 4419 1191 4466 non

432 4482 553 4560 eadem
588 4483 758 4562 stabilitas
784 4487 854 4562 fuit
892 4489 1019 4567 finibus
1052 4495 1192 4594 Lango-

430 4585 594 4682 bardicae
620 4587 791 4680 ditionis,
819 4591 979 4666 Orientis
1000 4597 1188 4690 imperato·

432 4687 530 4762 ribus
555 4710 760 4792 perpetuum
787 4717 893 4792 paene
914 4693 1044 4770 bellurn
1072 4718 1188 4796 geren·

432 4786 529 4864 tibue
573 4809 697 4868 contra
740 4789 875 4868 suarum
924 4796 1190 4872 Provinciamm

433 4889 679 4991 usurpatores,
712 4914 817 4995 atque
843 4895 889 4970 iis
915 4895 1075 4973 fortunae
1101 4897 1190 4975 vici·

432 4987 524 5080 bur,
560 5021 648 5090 quae
675 5001 791 5074 variae
828 4999 938 5074 aleam
976 4999 1106 5074 Martie
1131 5025 1188 5074 co·

431 5089 556 5172 uitari
572 5094 707 5184 solent.
735 5105 790 5180 De
808 5100 940 5180 Sinnio
966 5101 1083 5212 capite
1103 5105 1189 5180 Pao-

1288 4389 1366 4462 dem
1394 4389 1499 4464 uerba
1518 4387 1556 4460 in
1575 4387 1723 4489 reliquis
1745 4386 1963 4482 Diplomatis
1985 4387 2049 4462 Pa·

1288 4489 1425 4564 Elorum
1452 4489 1547 4564 inter
1573 4493 1685 4591 Reges
1714 4491 1860 4580 ltaliae,
1888 4507 1948 4563 aut
1978 4495 2047 4562 lm·

1287 4611 1461 4691 peratores
1487 4618 1531 4668 ex
1558 4615 1626 4668 una
1645 4609 1765 4691 parte,
1783 4592 1818 4664 bc
1841 4594 1955 4666 Duces
1975 4593 2046 4664 Ve·

1286 4713 1448 4768 netorum
1474 4718 1520 4768 ex
1545 4694 1680 4768 altera.
1718 4692 1826 4792 quue
1867 4719 1929 4768 nos
1956 4692 2045 4792 jam-

1284 4793 1346 4870 diu
1373 4813 1557 4870 monuerat
1584 4793 1743 4870 Andreas
1773 4795 1981 4880 Dandulus,
2007 4793 2044 4870 bt

1285 4894 1357 4994 ipse
1397 4895 1508 4994 postea
1550 4900 1767 4972 Venetorum
1809 4898 1892 4968 Dux
1932 4898 2044 4970 Anno

1285 5000 1570 5072 MCCCXLIII.
1588 4999 1625 5071 in
1645 4996 1826 5074 Chronico
1847 4995 1928 5082 suo,
1948 4995 2045 5096 quod

1284 5101 1388 5176 eme
1413 5097 1554 5178 editum
1587 5098 1692 5174 habes
1718 5101 1838 5175 Tomo
1865 5103 1946 5176 llll.
1974 5105 2044 5180 Re·

1884 5233 1993 5294 -rum
