4628 6150
483 437 573 558 ses
791 435 1179 558 murronis.
1227 435 1456 528 neon
1496 433 1669 527 nour
1893 435 1986 557 3‘64'

423 556 493 648 tri,
520 564 564 631 θ
583 557 718 634 Domini
733 565 842 656 Papae
863 559 1003 651 secislis,
1031 561 1076 630 (θ’
1091 581 1182 658 prae·
1218 562 1254 632 A
1280 559 1366 630 mino
1390 559 1519 630 oddone
1543 556 1713 631 Romberti
1725 611 1737 648 ,
1773 555 1911 630 Domino
1936 555 2046 654 Arpi·

425 659 530 734 tiriae
563 662 710 733 Civiatis
742 664 964 734 Communitar
986 661 1088 751 satiet
1112 661 1180 733 nni·
1282 660 1364 730 nello
1387 659 1598 752 Bononiensi,
1618 660 1754 734 Domino
1771 663 1957 748 Pareitate,
1977 665 2045 732 Do·

424 761 517 854 versa
531 787 547 830 .·
582 765 626 832 Θ
650 781 771 834 eentum
796 765 913 834 Libras
937 762 1105 835 annuatim
1128 783 1186 860 pro
1281 761 1366 830 mino
1399 760 1553 858 Rigitino
1576 765 1617 832 de
1651 759 1871 852 Crescentis,
1908 759 2045 832 Domino

424 863 527 954 Censor
554 861 708 958 legalium
742 861 1040 950 Ravennatetfium
1073 869 1185 935 Came·
1280 865 1436 958 Amemus
1469 864 1509 933 de
1529 861 1674 957 Cesena,
1700 859 1905 947 Consiliariis
1930 861 2044 932 Domi.

422 985 478 1035 rae
495 961 614 1050 nnllrae
629 962 721 1036 aitte
746 965 879 1038 Civitas
899 965 1076 1061 persolvet.
1102 971 1183 1044 Pam,
1278 963 1318 1032 ni
1344 963 1570 1055 marchianis,
1605 971 1651 1036 ad
1682 963 1757 1036 bate
1785 962 1969 1059 specialiter
1993 987 2041 1032 ro·

423 1063 596 1136 lamentum
614 1065 659 1136 (5¹
676 1067 860 1146 Exercitum
885 1067 989 1143 Nobis
1009 1088 1068 1163 per
1085 1071 1180 1138 Mar·
1276 1064 1368 1161 gatis
1392 1064 1538 1154 teslibus.
1980 1057 1991 1082 ’

423 1163 525 1238 eiiam
544 1169 671 1242 tantiam
691 1195 791 1259 nunc,
809 1169 1011 1264 &deinceps
1026 1168 1060 1238 in
1080 1193 1181 1264 quam

421 1267 539 1363 titate,
559 1267 731 1364 s'ecundion
756 1270 943 1367 qualitatem
971 1269 1108 1342 aliarum
1125 1269 1181 1340 Ci·
1495 1275 1595 1346 Lotus
1619 1273 1663 1364 {a
1689 1268 1823 1368 sigilli.

419 1365 590 1463 vitatum,
624 1373 670 1444 ad
702 1377 837 1459 nostrum
865 1370 1037 1463 servitium
1058 1392 1181 1468 perma-

422 1470 587 1564 nentium,
609 1494 668 1578 per
691 1475 830 1545 eamdem
847 1471 1031 1544 Morchiam
1050 1475 1180 1543 tantam
1211 1464 1239 1535 Β
1327 1469 1508 1546 Habemus
1540 1471 1621 1547 heic
1647 1469 1815 1551 illustrem
1842 1469 2039 1567 Titulum,
2157 1477 2165 1486 ’

421 1571 505 1644 aiot
529 1572 690 1668 Fauenses
717 1573 860 1665 sacient.
897 1578 1106 1664 statuentes,
1141 1593 1178 1643 ut
1273 1571 1378 1667 quem
1394 1591 1496 1647 antea
1508 1553 1680 1674 nusquam
1696 1572 2035 1649 animadverteram.

421 1696 626 1773 quaecumque
653 1675 785 1775 perstrna
809 1674 911 1748 Nobis
946 1671 1084 1768 snbjeila
1109 1701 1174 1746 eon·
1274 1671 1454 1747 Videlicet
1473 1674 1763 1750 Aldsovandinsss
1782 1676 1980 1776 appellatur
2000 1703 2037 1750 e.

419 1795 474 1848 tra
489 1780 571 1851 hane
587 1775 722 1864 nostram
738 1776 928 1870 sonceffimir
949 1775 1104 1872 paginam
1121 1802 1173 1846 ve·
1271 1770 1360 1845 tiam
1382 1775 1481 1846 totius
1504 1777 1614 1873 Regni
1632 1778 1778 1874 Aptrliae
1800 1777 1940 1874 Regalis
1953 1783 2036 1850 Au·

419 1875 488 1952 nire
511 1877 772 1976 attemptaverit,
806 1879 862 1948 vel
884 1904 954 1948 eam
983 1877 1062 1966 ausu
1087 1895 1175 1946 tane·
1269 1872 1320 1943 lae
1347 1875 1494 1948 Vitarius
1520 1879 1565 1948 Φ
1598 1885 1767 1975 Legatus;
1791 1903 1862 1974 quo
1897 1875 2034 1952 bonon
2131 1937 2133 1942 .

418 1979 504 2054 ratio
520 1979 691 2078 infringere
702 1977 963 2075 praesumpserit,
980 1977 1069 2047 mille
1081 1981 1173 2049 Mar·
1268 1970 1373 2047 ilium
1395 1976 1593 2052 fridericus
1617 1983 1663 2051 11.
1684 1997 1770 2053 tunc
1789 1983 2032 2053 Romanorum

416 2083 491 2156 chat
523 2089 648 2179 argenti
673 2099 854 2174 componat,
890 2077 1086 2148 medietatem
1111 2083 1168 2149 Ca·
1267 2076 1303 2148 &
1330 2075 1474 2152 Siciliae
1501 2082 1578 2154 Rex
1614 2077 1869 2180 infignivecst.
1903 2078 1970 2152 Sed
1992 2082 2032 2153 δι

417 2209 519 2257 merae
544 2181 684 2274 ursinae,
711 2182 756 2248 θ
780 2178 879 2254 aliam
905 2178 1103 2250 medietatem
1124 2179 1171 2249 in·
1268 2195 1403 2274 praeter
1428 2187 1577 2270 &mem
1603 2187 1658 2254 Vl.
1682 2183 1717 2254 ἃ
1740 2181 2032 2256 mamiliano

414 2283 537 2376 suriam
557 2283 674 2382 paffis.
703 2287 748 2353 Ut
770 2299 875 2351 autern
899 2279 972 2350 baec
996 2279 1102 2351 omnia
1121 2305 1168 2350 ra·
1267 2279 1469 2350 Moschiones
1508 2281 1653 2374 Eslenses
1690 2280 1804 2356 eidem
1846 2279 2031 2358 Moechiae

415 2407 452 2458 ta
485 2386 531 2456 (9·
565 2378 738 2478 inconcussa
767 2400 996 2478 permaneant,
1026 2380 1173 2479 praeseus
1202 2381 1234 2453 C
1267 2377 1486 2471 praescitos,
1513 2381 1583 2483 jam
1609 2380 1741 2456 ostendi
1764 2387 1915 2476 Aaronem
1942 2407 2033 2479 quo·

409 2479 619 2585 privilegium
653 2505 712 2580 per
750 2508 863 2554 manus
890 2481 1009 2574 Jacobi
1043 2481 1175 2554 Notarii
1270 2505 1337 2577 que
1365 2482 2033 2582 V11.Macbiaaemejteasea1nvesti·

405 2588 526 2683 scribi,
560 2587 606 2658 θ’
629 2583 745 2684 Sigilli
777 2582 874 2676 naslei
898 2581 1071 2660 munimine
1098 2582 1169 2680 jus-
1269 2599 1382 2656 turam
1422 2583 1467 2658 de
1502 2585 1623 2658 eadem
1661 2583 1823 2660 Matthia
1862 2581 2031 2681 accepisse

403 2687 506 2774 simus
532 2685 688 2762 roborari.
1117 2729 1120 2738 .
1265 2682 1308 2754 ab
1336 2685 1502 2776 Honorio
1530 2688 1595 2768 111.
1624 2689 1738 2785 Papa,
1767 2686 1875 2757 Anno
1901 2687 2032 2759 MCC·

463 2797 587 2864 Datum
620 2791 656 2866 in
690 2787 847 2860 territorio
878 2786 1021 2862 Auximi
1034 2841 1046 2878 ,
1081 2791 1170 2861 XVI.
1267 2784 1506 2859 xv11.1dem
1533 2812 1626 2865 nnnc
1649 2788 1784 2862 duabus
1811 2785 1894 2862 aliis
1917 2785 2031 2862 Char·

408 2891 624 2966 dissecantis
649 2888 766 2982 Masi,
801 2887 978 2962 indiiiione
1005 2887 1168 2982 secunda,
1266 2883 1317 2959 tis'
1337 2885 1585 2964 confirmatam
1607 2915 1674 2978 eo,
1698 2915 1784 2992 qnos
1812 2915 1857 2964 ex
1882 2886 2031 2962 anthen-

408 3014 542 3094 tempore
566 2991 742 3067 innocentii
765 2997 876 3090 Papae
901 2995 962 3064 ΠΙ.
981 2999 1084 3064 Anna
1101 2995 1166 3064 Da·
1265 2986 1348 3061 ticis
1387 2991 1602 3067 membranis
1637 2992 1727 3091 apud
1768 2989 1802 3066 se
1837 2987 2028 3066 adservatis

407 3097 542 3168 minitat
584 3093 818 3178 incarnationis
851 3097 1042 3166 MCCXIV.
1074 3113 1162 3189 prae·
1265 3087 1359 3163 mifit
1394 3091 1436 3166 ad
1471 3119 1529 3170 me
1554 3097 1686 3169 Comes
1722 3091 1958 3168 Brandotinus
1983 3092 2029 3170 de

400 3197 547 3290 sentibus
585 3197 721 3269 Domino
751 3196 873 3286 saraba
910 3210 951 3265 de
988 3198 1166 3283 Fontana,
1265 3191 1490 3268 Brandolinis
1519 3193 1793 3285 Foro'livienfia,
1818 3193 1886 3268 Vir
1908 3195 1942 3268 &
1966 3219 2028 3292 ge·

406 3297 543 3370 Domino
567 3299 713 3367 Guidoue
731 3296 770 3366 sle
795 3294 1073 3386 Tantisdenatiis‚
1100 3301 1162 3367 Dr·
1201 3295 1234 3363 D
1263 3292 1356 3365 neeis
1382 3295 1574 3369 nobilitate
1607 3297 1643 3368 δι
1670 3296 1874 3370 Litesarum
1905 3317 2027 3370 amore

406 3398 492 3468 mino
525 3397 669 3472 Ranerio
690 3397 836 3496 Joannis
868 3397 1064 3494 Gerardini,
1099 3401 1165 3472 Do·
1262 3391 1355 3468 mihi
1380 3392 1514 3496 semper
1539 3393 1857 3468 commendandus.

405 3643 562 3736 Literna
592 3642 773 3734 Honoeii
805 3648 879 3729 ΙΙΙ.
910 3649 1037 3756 Papae
1064 3633 1113 3724 ad
1139 3645 1323 3726 monem
1353 3639 1451 3722 vn.
1482 3632 1683 3723 Ellensetn
1719 3627 2021 3745 Moschionem,

711 3755 854 3876 quibus
883 3756 1012 3845 eidem
1046 3755 1130 3863 joca
1159 3749 1369 3844 confirmat
1400 3753 1444 3843 in
1477 3752 1707 3848 Marchitnt

886 3873 1207 3986 Antoninum,
1236 3875 1361 3960 Anno
1397 3901 1523 3986 ηις.

388 4182 391 4188 .
503 4111 637 4187 onorius
670 4111 865 4212 Episcopus,
898 4117 1020 4187 Seruus
1047 4112 1157 4206 servo·
1232 4108 1442 4204 1Aposlalisa
1466 4109 1548 4182 Sede
1565 4106 1750 4206 concessant,
1777 4132 1832 4178 uec
1847 4106 1893 4177 ed
1911 4124 2024 4196 mam,

530 4243 598 4290 rum
637 4214 723 4307 Dei,
761 4213 877 4288 alletia
908 4213 988 4307 filio
1026 4211 1156 4290 Nobili
1192 4262 1223 4335 E
1258 4211 1314 4282 vel
1339 4209 1523 4308 cujusquam
1551 4213 1684 4284 alterius
1723 4208 1878 4305 injuriam
1903 4205 2021 4301 aspire-

397 4325 489 4394 Viro
516 4322 565 4396 A.
593 4314 877 4391 Anconitano&
904 4313 1031 4389 Estensr
1057 4317 1155 4388 Mar·
1258 4337 1347 4386 mus.
1376 4317 1489 4384 Verum
1515 4313 1592 4408 quia
1610 4312 1719 4397 Tifins
1734 4312 1775 4382 de
1796 4313 1916 4404 Campo
1934 4310 2022 4378 San.

395 4417 519 4495 ebioni
545 4419 685 4514 salutem
713 4419 758 4488 (a
782 4415 996 4513 vdposlolicam
1031 4416 1157 4489 benedi·
1255 4411 1299 4483 iii
1323 4413 1436 4505 Petri,
1468 4439 1559 4511 quem
1584 4412 1640 4482 illi
1671 4410 1885 4508 praefeceras,
1921 4410 2021 4480 issar.

392 4522 546 4597 sinnam.
586 4523 733 4616 Benigne
771 4516 963 4614 recepimus,
999 4519 1044 4589 Φ
1077 4517 1155 4589 dili·
1252 4513 1382 4588 chiama
1405 4513 1619 4590 enailionibus
1653 4509 1842 4608 importunis
1867 4509 1916 4582 ita
1936 4534 2018 4608 gra·

388 4644 501 4720 genter
528 4623 743 4694 intelleximus
767 4619 919 4709 litteras,
953 4643 1033 4716 quas
1060 4619 1157 4716 super
1250 4637 1411 4709 ¹inmutat,
1446 4617 1531 4712 qnod
1565 4615 1599 4686 in
1626 4615 1733 4687 odium
1767 4613 1839 4708 ejus
1867 4611 1903 4706 se
1928 4610 2018 4684 nobis

392 4724 515 4820 negotio
542 4720 725 4802 Moechiae
751 4719 1001 4794 Anconitonae
1024 4740 1081 4793 tua
1100 4745 1153 4792 no·
1249 4718 1294 4786 Θ·
1328 4718 1390 4789 tibi
1417 4719 1670 4812 subtraxerant,
1705 4719 1749 4788 Φ
1785 4713 1915 4812 imperii
1933 4711 2018 4807 jugo

391 4825 469 4898 bilis
504 4823 649 4918 discretio
681 4820 881 4908 destinavit.
917 4822 1057 4894 Nemesis
1092 4820 1153 4914 igi·
1240 4815 1453 4911 submiserant
1486 4819 1568 4891 eolla
1596 4818 1688 4910 sua;
1722 4824 1791 4890 Nos
1815 4815 2012 4888 attendentes

390 4947 465 5012 tur,
492 4927 577 5020 quod
601 4947 761 5020 nunquam
781 4923 852 5014 suit
870 4921 966 5011 nosiri
987 4921 1158 5020 propositi,
1244 4921 1398 5014 puerilem
1423 4939 1580 5011 actm,
1619 4920 1653 4991 in
1680 4947 1744 5018 qua
1767 4938 1842 4986 tunc
1866 4910 2015 5006 temporis

391 5047 423 5098 te
448 5023 614 5104 Marchii
649 5025 721 5124 ipsi
752 5023 909 5121 privare,
946 5051 1014 5096 cum
1050 5049 1103 5096 net
1130 5025 1154 5094 i·
1245 5045 1334 5108 eras,
1372 5021 1610 5118 &pensantes
1636 5037 1790 5116 quantum
1813 5011 2026 5109 dispendium·

388 5149 557 5226 gustemus
583 5126 677 5200 illam
704 5126 765 5202 tibi
799 5123 855 5224 esse
881 5126 916 5198 in
942 5125 1089 5200 Fendum
1120 5113 1162 5198 ai
1239 5117 1375 5218 sursit,
1403 5123 1437 5208 fi
1470 5125 1525 5195 hoc
1558 5119 1839 5214 assimularemus,
1873 5113 1935 5233 tibi
1970 5115 2015 5186 (9’

1864 5237 1962 5289 etiarn
