4532 6154
266 521 355 624 ro
574 483 1086 583 urrsrrrrrro
1144 482 1458 581 aaaron:
1676 427 1839 615 7„st

204 626 358 715 Iovios,
393 609 527 714 aliique
566 637 682 688 rerum
723 611 1028 692 Mediolanen·¹A
1062 637 1125 684 nus
1161 608 1356 710 antiquitas
1383 613 1417 684 ἃ.
1444 605 1549 710 otigo
1581 605 1654 687 tlte
1682 637 1828 714 regnan-

205 725 291 798 stum
317 719 509 820 Scriptores
534 733 733 791 memorant
756 716 798 790 ad
822 721 970 789 Annum
1063 713 1108 786 tis
1134 713 1329 806 Familiae,
1350 716 1457 812 qulm
1482 712 1582 786 illius
1607 714 1758 817 Insignia
1783 717 1827 790 il·

205 819 645 918 Mxxxvtt.·quemdam
670 819 889 916 Eripmndmn
915 819 966 888 Vi·
1061 814 1313 908 lustrarentur,
1349 813 1508 918 neglebii
1539 814 1713 892 senadors
1757 825 1827 894 Ve-

204 928 375 1001 erermitern
410 919 634 1013 Mediolani,
664 921 719 994 uti
755 923 791 993 &
827 929 970 992 ottonem
1061 919 1179 992 ritatis
1215 917 1374 993 trutinas.
1415 923 1584 994 Ceterum
1623 921 1679 992 vel
1717 924 1827 995 Anno

206 1029 339 1130 pariter
361 1025 631 1118 Mediolanensem
655 1024 887 1114 Viceeomitem,
908 1025 970 1120 qui
1063 1025 1222 1098 MCLV.
1259 1020 1454 1116 imperante
1491 1017 1672 1095 friderico
1707 1027 1830 1096 Aeno·

206 1137 318 1205 Anno
337 1126 572 1202 saturnin
598 1124 861 1225 expugnatione
884 1125 967 1198 Hie·
1061 1125 1171 1197 bardo
1199 1124 1357 1222 Augusto
1391 1122 1549 1196 occurrit
1585 1124 1717 1215 nobis,
1747 1127 1828 1200 telle

206 1229 404 1326 rosolymae
443 1233 598 1303 Stemma
636 1226 872 1327 Anguiserum
913 1225 973 1300 sua
1059 1231 1197 1300 Ottone
1224 1227 1374 1300 Murena
1404 1226 1441 1298 in
1470 1224 1626 1298 Historia
1654 1227 1826 1302 Laudensr

206 1331 419 1407 tortitudine
434 1329 496 1403 stbi
516 1327 710 1429 quaesivit.
728 1333 866 1403 Horum
885 1355 968 1428 quo·
1062 1329 1104 1402 ad
1128 1353 1209 1402 eum
1234 1333 1405 1414 Annum,
1431 1334 1526 1424 Hugo
1550 1329 1744 1420 Vitemmesp
1763 1330 1827 1428 qui

208 1460 277 1533 que
304 1434 463 1508 virorum
498 1431 717 1506 mentionem
748 1431 852 1506 habes
880 1434 971 1531 apud
1062 1455 1131 1504 una
1166 1455 1247 1504 cum
1283 1424 1607 1534 Mediolanensibus
1643 1431 1696 1530 ad·
1721 1449 1826 1530 opem

208 1539 455 1612 Gualvaneum
487 1536 685 1608 Flammam
713 1533 750 1608 in
781 1532 973 1633 Manipulo
999 1531 1239 1610 uocantem
1268 1531 1471 1606 Dertltonae
1497 1529 1646 1606 obsessae
1674 1534 1828 1639 pr'ogr'es·

209 1641 520 1728 florum,Tomo
546 1629 973 1710 x1.Re'r.1ralicar.1rn·
1062 1633 1116 1708 sus
1152 1633 1218 1708 est.
1250 1635 1315 1708 Sed
1352 1633 1502 1706 minime
1537 1634 1692 1727 conslat,
1729 1638 1828 1735 cujus
1918 1645 1921 1654 '

209 1766 272 1816 mo
298 1739 450 1840 ejusdem
478 1738 659 1836 Eriprondi
684 1738 878 1810 Virocomitir
904 1762 972 1810 me·
1061 1734 1135 1808 loci
1162 1741 1330 1807 Vreeeomrr
1350 1736 1382 1808 is
1405 1730 1520 1826 soret,
1545 1735 1687 1833 cujusve
1712 1739 1830 1814 Fami.

210 1843 321 1916 minit
336 1839 568 1939 Landulphus
588 1839 697 1913 etiam
717 1839 841 1914 Senior
859 1839 897 1913 in
917 1838 975 1912 sua
1061 1837 1151 1911 liae.
1170 1841 1362 1927 Ceterum,
1385 1855 1425 1910 ut
1444 1836 1512 1910 hoc
1531 1836 1639 1936 etiarn
1661 1838 1829 1932 ianuam,

209 1945 391 2036 Historia,
411 1967 515 2040 quam
541 1943 721 2014 consulere
746 1960 844 2041 potes
862 1941 901 2015 in
921 1967 972 2013 ea·
1062 1939 1101 2013 in
1128 1939 1335 2038 quibusdam
1362 1938 1488 2012 Italiae
1514 1937 1626 2030 lricis,
1650 1940 1766 2016 immo
1792 1942 1828 2015 dt

210 2045 369 2120 cumdem
400 2051 480 2118 Rer.
506 2042 659 2116 Italicae.
679 2047 800 2120 Tomo
830 2046 892 2116 tv.
921 2041 974 2116 Ibi
1061 2057 1161 2114 extra
1191 2040 1355 2131 Italiam,
1383 2040 1445 2114 diu
1465 2041 1634 2116 obtinuit
1662 2045 1740 2117 m'o‘s
1767 2069 1827 2144 ap·

210 2145 241 2221 is
267 2149 464 2246 appellatur
485 2145 589 2216 Miles
611 2145 845 2234 Millenaerius,
867 2147 885 2214 l
908 2153 971 2215 Re·
1044 2141 1216 2240 tpellandi
1255 2142 1449 2213 Vreecomites
1487 2145 1721 2240 quorumdam
1758 2149 1829 2220 Ca·

205 2251 279 2346 goii
295 2248 443 2345 prosapia
462 2247 634 2318 oriundus.
656 2249 789 2318 Vorlrm
814 2245 894 2343 quis
914 2271 971 2318 va·
1059 2243 1239 2318 stallorum
1266 2244 1428 2334 Judices,
1453 2267 1544 2342 quos
1568 2269 1662 2318 nunc
1687 2247 1829 2334 Potestne.

207 2349 287 2423 dem
326 2348 358 2423 se
393 2348 543 2432 statuat,
571 2344 733 2444 speslalse
766 2345 859 2420 hunc
895 2345 972 2420 Eri·

1063 2367 1109 2416 tes
1131 2365 1321 2436 vocamus,
1346 2347 1407 2431 ei,
1433 2363 1478 2416 ut.
1499 2363 1606 2442 puto,
1627 2345 1671 2418 de
1693 2349 1829 2438 caussa,

209 2450 380 2550 prandum
403 2447 445 2521 ad
471 2448 687 2518 Viceeomitum
712 2446 889 2520 Insubriae
913 2475 971 2547 po·
1004 2445 1034 2518 C
1064 2445 1158 2544 quod
1183 2445 1355 2546 ejusmodi
1374 2443 1524 2518 Caslella
1550 2446 1700 2519 Domini
1727 2447 1830 2549 poffia

208 2551 276 2626 slea
301 2555 441 2626 Ducum
466 2544 679 2621 Familiam?
700 2555 843 2618 ottonem
866 2547 973 2622 etiam

209 2653 340 2742 illum,
367 2677 407 2723 ac
441 2647 645 2726 stemmatis
673 2647 849 2747 originem
879 2651 898 2720 l
926 2649 973 2722 sa·

212 2751 305 2824 bulis
333 2747 469 2850 prorsus
494 2747 691 2822 immunem
717 2775 784 2852 ego
812 2750 976 2850 praeliare

210 2851 347 2926 nolim.
383 2849 490 2946 Quod
519 2848 580 2924 usu
611 2850 718 2923 *venit
743 2853 781 2924 in
812 2867 869 2924 tot
895 2853 975 2927 aliis

211 2979 326 3028 retum
348 2953 578 3026 humanarum
599 2950 906 3042 conversionibus,
926 2953 971 3027 sa·

211 3055 281 3128 cile
304 3053 495 3144 acciderit,
520 3071 560 3128 ut
584 3053 685 3126 ausla
706 3053 972 3129 vicecomitum

209 3153 528 3230 Mediolanensmm
571 3153 730 3254 potentia
767 3152 827 3228 sub
864 3157 976 3228 Ol'tone

211 3257 392 3330 Vicrcomite
412 3251 691 3355 Archiepiscopo
717 3255 975 3332 Mediolanenst

1065 2549 1187 2621 decent
1221 2545 1333 2619 titulo
1366 2547 1523 2637 Comitis,
1560 2546 1724 2647 nihilque
1763 2549 1829 2626 illa

1065 2647 1158 2722 ditio
1186 2646 1351 2746 penderet
1377 2647 1420 2720 ab
1444 2645 1596 2748 imperio
1623 2647 1693 2724 stve
1715 2649 1830 2727 dilici-

1065 2749 1125 2824 siu
1160 2749 1335 2824 Civitatis
1370 2748 1542 2846 alicujus.
1575 2752 1828 2830 Petronianum

1064 2852 1223 2926 Castrum
1251 2847 1428 2948 speslabat
1449 2851 1549 2925 olim·¹
1568 2851 1609 2924 ad
1635 2853 1828 2954 Episcopus
1890 2903 1897 2914 ·

1065 2950 1326 3056 viterbienses,
1353 2951 1477 3050 qui&
1504 2952 1742 3029 Tuscanenses
1767 2965 1829 3056 api

1066 3056 1286 3156 pellabantur
1307 3055 1327 3126 b
1350 3052 1514 3128 Ciuitate
1537 3053 1729 3149 Tuscana,
1747 3060 1828 3152 cui,

1063 3160 1169 3258 longe
1204 3175 1393 3255 antequam
1429 3153 1636 3230 viterbium
1673 3157 1829 3236 nascere.

1064 3276 1148 3346 tur,
1175 3275 1237 3332 aut
1272 3274 1378 3358 caput
1412 3260 1622 3350 attolleret,
1649 3255 1712 3334 sui·
1728 3277 1829 3338 erant

209 3359 354 3433 circiter
382 3362 526 3432 Annum
558 3361 806 3432 MCCLXlll.
833 3361 867 3432 δι
898 3359 972 3435 sub·
1005 3355 1039 3426 D
1062 3357 1252 3460 Episcopi.
1278 3359 1354 3454 Qui
1377 3359 1538 3434 Castrum
1563 3385 1626 3460 pto
1649 3365 1679 3434 Ε

209 3459 367 3557 sequenti
386 3462 510 3533 Secula
526 3459 653 3533 mirum
676 3458 713 3533 in
730 3459 874 3532 modum
896 3487 973 3562 pro·

209 3579 358 3660 pagata,
378 3557 549 3657 speciosae
566 3559 674 3634 alicui
693 3559 842 3635 fabellae
857 3562 973 3636 ansam

209 3659 346 3734 dederit
365 3661 590 3760 erumpendi,
611 3689 672 3762 per
691 3687 797 3762 quant
816 3689 888 3739 non
908 3664 975 3739 mi·

1066 3461 1229 3562 regebat,
1266 3461 1459 3534 Viceeomitis
1493 3461 1603 3535 titulo
1639 3361 1829 3564 dlilbcgoupei·

1066 3565 1189 3654 batur,
1213 3561 1267 3636 uti
1292 3559 1398 3636 fidem
1424 3559 1531 3638 saciet
1555 3563 1689 3638 Charta
1713 3569 1732 3638 ὲ
1754 3570 1828 3641 Co·

1065 3663 1297 3766 diceceneii
1323 3663 1521 3740 Camerarli
1545 3666 1753 3802 depromta.

203 3917 273 4004 ¹De
289 3845 459 4029 quadam
482 3905 593 4000 Silva
610 3907 652 3998 io
677 3909 876 4002 territorio
895 3913 1070 4002 Reatino
1094 3885 1384 4028 polita,·loca'ta
1411 3891 1460 4000 ad
1486 3863 1631 4027 viginti
1654 3945 1777 4020 aanor
1801 3919 1826 4009 l
1908 3983 1915 3998 .

263 4033 446 4146 Jobanne
468 4029 671 4120 Cardioali
693 4029 887 4150 Episcopo
907 4031 1144 4122 Viterbienfi
1164 4035 1203 4118 δι
1226 4029 1461 4120 Tuscanenst
1472 4101 1486 4144 ,
1504 4038 1627 4121 Anno
1651 4065 1697 4122 rr
1703 4039 1777 4145 98.

258 4271 296 4338 N
321 4264 444 4338 nomine
471 4263 605 4338 Domini
620 4265 729 4354 ‘nostri
745 4263 829 4359 Jesu
855 4203 976 4354 emisti
1011 4271 1040 4342 E
1067 4263 1117 4340 ili
1144 4262 1344 4341 Clementis
1360 4263 1596 4360 vCardinalis,
1615 4265 1829 4344 .Vitetbien·

285 4366 348 4439 uer·
373 4367 514 4442 ancras.
539 4373 643 4442 Anno
664 4367 803 4461 ejusdem
825 4374 974 4442 MCXC·

214 4472 306 4542 vm.
338 4469 526 4564 temporibus
551 4469 686 4542 Domini
710 4471 885 4542 innocentii
911 4475 974 4543 ill.

210 4575 347 4667 Papae,
383 4569 484 4661 mense
508 4571 683 4666 Augusto,
717 4572 771 4642 die
800 4576 888 4645 XIV.
925 4573 975 4643 in·

213 4691 338 4760 trunto,
362 4669 539 4742 surdissime
561 4675 589 4744 I.
613 4673 776 4766 Quoniam
799 4701 900 4744 rerum
918 4701 974 4769 ge·

204 4773 330 4862 florum
355 4771 502 4846 memorio
533 4775 715 4870 plerumque
742 4773 834 4871 lapsu
860 4795 975 4870 tempo·

209 4875 256 4943 ris
278 4874 378 4968 perire
395 4873 613 4968 dignoscitur,
640 4875 765 4972 ideoque
784 4875 880 4963 nostri
897 4885 973 4950 An·

212 4971 363 5065 secessores
396 4975 526 5072 antiqui
559 4965 778 5048 conventiones
799 4978 848 5048 U·
878 4977 976 5074 posia

210 5073 373 5147 voluerint
396 5077 519 5175 scripto
543 5075 700 5150 mentibus
721 5079 904 5171 solemniter
929 5105 975 5152 re·

211 5175 338 5246 tinere:
365 5179 531 5279 undergo
558 5177 733 5270 Iohannes
762 5178 864 5255 tituli
893 5185 976 5254 San·

1069 4366 1109 4442 srs
1135 4366 1364 4442 Tuscanensts
1389 4366 1604 4471 Episcopus,
1634 4373 1759 4448 concedo
1785 4371 1829 4442 ti.

1067 4470 1102 4542 bi
1127 4470 1294 4558 Ricardo,
1326 4467 1448 4565 tuisque
1472 4473 1674 4568 Nepotibus,
1705 4471 1827 4542 videli-

1066 4591 1113 4642 eet
1137 4571 1334 4643 Moebaboeo
1360 4571 1404 4640 Θ
1421 4573 1592 4664 Jobonni,
1628 4599 1725 4646 unum
1757 4573 1827 4644 sit.

1066 4698 1166 4761 vam,
1201 4699 1281 4768 quae
1315 4671 1476 4765 rejected
1510 4675 1594 4764 loeo,
1629 4674 1685 4772 qui
1708 4673 1829 4748 dieitur·

1067 4773 1229 4864 Reatino,
1258 4774 1303 4844 θ
1326 4773 1421 4846 habet
1446 4771 1534 4866 fines
1559 4776 1604 4846 θ
1629 4775 1826 4870 oeeffones,

1065 4879 1087 4946 d
1109 4875 1215 4971 prima
1241 4875 1340 4948 latete
1366 4876 1495 4948 Silvam
1520 4876 1595 4948 Posi
1621 4877 1826 4972 Rainueini,
1877 4945 1880 4954 .

1064 4981 1086 5046 d
1102 4976 1237 5069 seeundo
1255 4982 1363 5072 Caput
1379 4977 1419 5048 de
1437 4981 1585 5069 Redero,
1608 4982 1631 5050 d
1649 4983 1742 5051 tertio
1762 4985 1826 5052 Ca-

1056 5079 1217 5166 [sanetum
1250 5077 1383 5168 Besanii
1410 5079 1453 5148 o
1479 5083 1571 5150 Petri
1605 5081 1726 5152 Mirusi
1757 5086 1827 5154 Fu·

1057 5179 1152 5272 stus,
1177 5184 1199 5250 ri
1225 5200 1417 5276 quamn...
1438 5181 1522 5254 soro.
1549 5185 1599 5252 Et
1622 5185 1748 5256 concedo
1768 5211 1826 5256 arr·

1723 5283 1774 5357 bie
