4628 6148
334 465 420 551 293
633 379 1043 557 Aaronom.
1090 429 1320 526 monor
1352 433 1539 526 nnnc

274 557 366 628 vnce
395 581 452 630 noc
475 577 553 632 ente
578 547 635 632 bos
668 561 739 634 dies
762 555 807 630 ni
841 558 951 649 hene,
986 556 1045 654 qni
1074 555 1107 628 A
1132 605 1159 646 „
1186 552 1324 632 nestorii
1345 555 1465 632 Sancti
1488 552 1682 654 Zachaiie3
1704 464 1903 652 ᾰηρξειίιί·

272 657 456 732 nominetur
494 663 670 754 Lectione,
706 660 912 734 intencionem
946 660 1040 736 bobe-
1135 711 1162 750 „
1186 654 1295 749 stem,
1330 681 1438 754 quam
1472 655 1532 733 sun
1570 655 1713 734 tenebat
1749 678 1901 743 monus,

270 783 366 850 mus,
404 761 449 836 (9⁶
479 762 617 854 noticia,
651 765 710 862 qni
744 762 914 852 investitus
941 761 1038 854 snit,
1079 797 1089 826 ο
1135 813 1160 850 ,,
1187 756 1283 834 misrt
1318 757 1471 834 bandum
1499 756 1636 862 Domni
1672 753 1902 854 Imperatoris

273 861 1040 962 ΗΜ]
1134 916 1160 953 ‚‚
1186 859 1642 1038 {trecoren
1658 859 1762 1058 e:
1787 853 1904 1076 ,se

197 1018 201 1027 “
946 1021 960 1058 n
1134 1019 1159 1055 tr
1544 1017 1557 1051 r
1886 999 1902 1022 ⁸

275 1067 313 1144 in
337 1073 442 1142 eodem
476 1069 540 1140 loco
567 1067 639 1158 fnit
667 1089 804 1166 perotus
837 1065 965 1140 eumen
997 1070 1042 1141 od
1135 1120 1159 1156 „
1186 1062 1247 1141 ao
1268 1063 1486 1140 Monasterio
1510 1061 1629 1140 sancti
1654 1059 1846 1152 Zachnne,
1866 1061 1901 1132 δι

274 1173 430 1244 ontionem
439 1169 594 1257 flendum
612 1169 656 1242 Θ·
673 1169 816 1267 legitime
832 1168 1039 1261 finiendum.
1134 1221 1160 1258 ‚,
1187 1163 1434 1265 prenominata
1449 1167 1620 1264 Capella,
1635 1182 1676 1238 ut
1693 1159 1902 1257 nullusqui·

276 1273 368 1346 Unde
390 1271 496 1368 posuit
518 1271 717 1359 constitutum
743 1272 788 1341 tn
813 1272 939 1342 unitum
958 1272 1037 1343 Plo·
1133 1321 1160 1361 „
1186 1265 1295 1342 olibet
1317 1267 1427 1342 homo
1450 1265 1652 1364 inquietare
1677 1259 1900 1338 &devestire

273 1375 375 1450 citum
410 1371 498 1463 insto
534 1372 729 1446 Comitotocm
768 1370 1037 1465 Temosionense,
1133 1425 1159 1462 ,‚
1186 1365 1312 1444 audeat
1333 1367 1403 1445 stne
1428 1369 1536 1470 legali
1561 1365 1718 1467 judicio.
1740 1363 1816 1460 Qui
1842 1391 1901 1438 vo-

274 1493 446 1572 nnteqnom
470 1500 529 1546 ens
553 1475 593 1548 de
619 1473 684 1570 ipso
709 1475 875 1547 Comitem
908 1473 1037 1567 tronis·
1072 1470 1100 1541 B
1134 1527 1160 1566 „
1185 1477 1227 1547 τὸ
1246 1469 1392 1562 fecerit,
1414 1469 1611 1568 praedictos
1629 1467 1820 1554 Mancosos
1839 1493 1900 1540 au·

267 1575 342 1671 set,
369 1576 414 1648 Θ·
439 1576 515 1648 inde
539 1573 644 1668 finem
666 1576 924 1673 percipiendum.
959 1580 1040 1650 Eece
1120 1627 1158 1666 „,
1174 1598 1263 1648 reos
1282 1573 1384 1647 mille
1402 1571 1490 1648 scint
1508 1568 1541 1648 se
1556 1567 1811 1670 compofitruus
1826 1593 1900 1644 mo·

273 1705 324 1750 nne
345 1697 481 1774 perotus
502 1703 570 1750 mon
593 1705 626 1750 eo
644 1679 690 1751 nd
714 1678 868 1750 notionem
885 1677 1041 1765 siendum
1131 1672 1354 1768 „dietatem
1390 1693 1524 1776 patrem
1566 1677 1793 1748 Domnorum
1830 1673 1898 1745 Rc·

276 1780 324 1850 ο·
342 1779 506 1876 legiptime
518 1777 704 1872 finiendum
721 1779 772 1852 bic
792 1783 899 1868 nestri
914 1779 1036 1876 pmsm·
1101 1785 1103 1790 ’
1131 1831 1156 1868 ,,
1182 1802 1290 1876 gum,
1314 1778 1362 1851 δι,
1378 1777 1605 1852 medietatem
1633 1770 1791 1875 prefatio
1812 1775 1898 1846 Mo·

275 1881 347 1954 rii.
375 1880 475 1970 „Ad
501 1879 587 1956 haec
613 1881 814 1956 recordatus
832 1899 908 1954 crat
929 1885 1037 1954 Dom·
1130 1933 1156 1970 „
1182 1875 1331 1954 nasterio
1359 1877 1479 1954 sanai
1514 1875 1730 1966 Zachariae,
1754 1871 1897 1974 ejusque

275 2033 302 2075 „
329 2005 394 2054 nus
435 1981 640 2082 Adclpeyeo
681 1986 796 2074 Dux,
836 1985 1039 2077 Walpertus
1130 2034 1155 2070 „
1182 1978 1386 2056 successores
1405 1980 1634 2058 Ancillamm
1655 1976 1725 2054 Dei
1745 2029 1791 2069 „.
1812 1975 1899 2071 Qui·

274 2133 301 2176 „
327 2085 482 2174 Comes,
513 2101 620 2181 atque
645 2085 851 2158 Willelmus
879 2082 1035 2159 Comiti·
1128 2084 1198 2153 dem
1224 2083 1269 2152 (θ’
1294 2087 1366 2178 Ego
1392 2083 1508 2175 Isceido
1532 2082 1689 2154 Notarius
1720 2080 1768 2150 (7
1782 2080 1899 2170 judee

272 2233 299 2275 „
328 2183 413 2272 bus,
448 2183 544 2281 quod
570 2183 615 2256 fic
640 2185 725 2258 effct
751 2209 812 2278 per
836 2183 910 2275 ite,
951 2183 1038 2260 srcut
1127 2211 1165 2254 ee
1183 2179 1320 2277 s'uffirne
1339 2182 1549 2280 suprascripti
1583 2181 1704 2255 mnne·
1729 2179 1897 2274 Adclpey·
1954 2267 1956 2274 Ι

271 2337 299 2376 ,,
325 2282 544 2384 suprodiiius
571 2289 694 2360 Petrus
722 2285 898 2362 Presbiter
922 2283 1037 2361 obser·
1128 2309 1161 2354 to
1186 2290 1285 2374 Due,
1313 2284 1357 2354 o·
1382 2285 1579 2359 Roinboldo
1607 2290 1739 2372 coneo,
1766 2281 1811 2351 (9¹
1826 2285 1896 2372 Jo-

272 2439 299 2480 „
326 2405 493 2461 caverat.
520 2391 569 2460 Et
596 2404 680 2461 tunc
705 2385 760 2462 ibi
787 2389 886 2462 iocus
911 2387 952 2462 in
977 2415 1036 2464 eo·
1066 2411 1099 2485 ς
1125 2385 1231 2458 dicum
1256 2386 1511 2460 ammonicionem
1529 2383 1642 2482 scripſs
1666 2385 1769 2472 hone,
1792 2387 1896 2456 Anne

270 2513 298 2581 ‚·,
324 2487 404 2563 dem
433 2487 570 2589 judicio
595 2488 773 2590 prediiius
800 2491 962 2564 Domnus
985 2493 1038 2562 A·
1108 2483 1248 2560 ‘Domni
1267 2488 1399 2560 chrici
1412 2488 1526 2584 gronii
1545 2487 1610 2561 Dei
1626 2489 1894 2583 inponendo·

270 2641 297 2682 „
323 2589 494 2690 delpeyeo
533 2593 618 2666 Dux
643 2590 821 2667 ‘eumdem
861 2590 1036 2682 Johannes
1121 2589 1233 2686 gelius
1252 2589 1383 2680 Tercio,
1408 2595 1480 2664 XV.
1504 2589 1648 2664 Kalend.
1674 2582 1892 2676 Februarius,

272 2742 299 2783 „
326 2693 475 2785 Abbns,
512 2691 569 2769 seu
593 2695 640 2768 ·&
667 2692 843 2784 Iohannes
869 2693 1035 2768 Adonea·
1126 2687 1302 2764 indiHione
1327 2697 1399 2764 XV.
1717 2733 1720 2742 ·

272 2843 299 2884 ‚,
325 2795 399 2868 toci
422 2793 485 2868 sun
510 2795 606 2884 oepit
632 2795 812 2896 inquirere
838 2821 899 2896 per
924 2794 1038 2894 ipsum
1125 2796 1170 2884 nit
1188 2791 1325 2890 Signum
1347 2818 1461 2866 tuamet
1472 2793 1684 2894 suprascripto
1707 2797 1823 2866 nonno
1841 2790 1896 2882 A·

273 2899 300 2984 „'
327 2895 526 2968 Placitum.
553 2899 602 2968 Et
628 2913 713 2970 tnnc
739 2897 779 2971 in
805 2896 928 2970 codem
957 2898 1038 2970 loco
1228 2892 1371 2996 delpeto
1407 2899 1491 2969 Dux
1529 2895 1684 2985 interfui,
1717 2893 1762 2964 O·
1796 2915 1895 2964 mone

270 3043 298 3088 „
325 2991 462 3095 presens
498 2995 662 3070 omniurn
689 2997 729 3072 in
754 2995 880 3071 eodem
906 2995 1038 3098 juditio
1223 2994 1287 3085 sno
1311 3003 1440 3070 ennon
1460 2996 1558 3086 fecit.

272 3147 299 3188 „
325 3094 443 3194 ipsam
473 3098 688 3188 Cattelam,
728 3097 823 3197 quod
861 3096 1037 3196 prodimus
1177 3096 1361 3169 Wiiteimnce
1378 3102 1488 3170 Comes
1506 3123 1603 3171 mnne
1621 3121 1690 3168 tneo
1701 3094 1890 3198 soobsctipss,

271 3247 298 3290 ‚,
324 3197 732 3276 Abbnsrdemonstrnbat
751 3224 843 3274 curn
871 3197 935 3274 suo
960 3199 1035 3275 Ad·
1128 3197 1330 3294 offic-iignum
1355 3225 1468 3272 mones
1483 3197 1695 3296 suprascripto
1719 3199 1892 3275 hincne

269 3305 490 3392 „vocatone
542 3300 733 3393 Johnnne,
769 3300 865 3402 quod
885 3300 1097 3376 taanenu
1225 3300 1784 3392 doisComerintenfoit,&Crucem
1794 3302 1891 3395 feeit.

241 3479 246 3490 ,
270 3453 295 3494 ,,
323 3398 495 3476 habuifl'et
520 3403 732 3479 Rotikerius
752 3405 850 3482 ⁴bone
878 3405 1033 3478 necron.
1126 3401 1326 3497 &Signum
1347 3429 1460 3474 manus
1473 3401 1685 3501 samosetipro
1708 3404 1893 3500 Wolpeotus

269 3552 295 3593 ,‚
322 3501 434 3578 tionis
470 3504 595 3580 sonae
636 3509 845 3582 Veronenfis
881 3504 1034 3581 Ec'eiefie
1227 3508 1337 3576 Comes
1361 3503 1529 3596 interfuit,
1556 3503 1603 3574 (Ψ
1626 3509 1756 3578 Crucem
1775 3505 1875 3596 fecit.

269 3655 296 3695 „
322 3603 538 3708 Episcopus,
574 3605 671 3682 filius
707 3608 886 3710 qnondam
922 3606 1029 3684 Adel·
1097 3693 1100 3700 ¹
1177 3609 1252 3703 ugo
1273 3607 1368 3704 quide
1390 3605 1526 3698 Iseeidns
1544 3604 1700 3678 Notarincs
1723 3607 1892 3697 &Jodon

268 3759 294 3798 „
320 3706 433 3797 mari,
461 3735 505 3783 cx
533 3705 610 3784 Lan
636 3709 849 3784 obardnnum
885 3735 1032 3816 genere,
1228 3709 1378 3781 noticiam
1406 3707 1540 3806 scripsi,
1562 3709 1630 3805 posi
1654 3706 1779 3780 tradito
1813 3725 1891 3780 corn·
1921 3777 1923 3784 .

268 3860 294 3899 „
321 3809 467 3906 reproba
502 3810 538 3882 ic
567 3735 721 3884 solidita
756 3813 904 3885 inventa
938 3809 1031 3903 fuit,
1225 3811 1318 3906 pleni
1344 3811 1389 3882 tn
1411 3811 1510 3883 dedi.
1684 3845 1689 3857 ·
1743 3872 1750 3884 .
1809 3843 1813 3852 ,

268 3959 294 4001 „
320 3908 353 3980 δι
384 3905 436 3982 ibi
464 3907 594 3984 incisa:
624 3912 659 3984 8<
687 3937 748 4008 pen
774 3911 947 4014 judicium
975 3937 1031 3985 eo·
1178 3912 1312 3984 Oculos
1331 3909 1410 3984 heic
1426 3908 1739 3987 Lciiorintendot
1758 3909 1796 3986 in
1816 3912 1892 3987 lau·

267 4061 293 4102 „
322 4007 416 4084 sdem
444 4013 565 4085 Petrus
586 4011 763 4088 Presbitcr
784 4039 863 4086 cum
888 4013 1031 4113 Stepha-
1126 4008 1280 4086 debilem
1309 4011 1448 4086 rudium
1476 4015 1702 4086 Saeculorum
1733 4039 1889 4090 morem.

267 4165 294 4204 „
320 4136 368 4183 no
394 4110 618 4186 Advocatoti
645 4111 706 4186 suo
732 4113 776 4188 ad
812 4140 888 4205 pars
917 4112 1029 4214 supro-
1094 4116 1266 4212 'Nempe
1293 4112 1354 4186 ubi
1382 4139 1500 4186 coram
1535 4113 1718 4203 Judicibus
1751 4113 1893 4189 dubita·

265 4266 293 4306 ‚,
319 4209 450 4314 scripto
477 4212 695 4288 Monasterio
719 4213 838 4289 §aneti
862 4214 1034 4290 Zacharie
1062 4223 1091 4292 E
1126 4215 1181 4287 tio
1204 4238 1243 4287 ac
1267 4212 1313 4288 lis
1338 4213 1562 4314 ingerebatur
1584 4213 1629 4287 de
1650 4214 1802 4290 veritate
1828 4233 1891 4292 aut

266 4365 292 4405 „
319 4312 362 4386 ad
384 4313 527 4414 proprio
548 4311 754 4406 investivit,
776 4314 861 4390 ficut
887 4315 930 4390 ad
951 4344 1026 4415 pro·
1124 4313 1275 4389 falfitate
1302 4313 1451 4415 alicujus
1477 4313 1654 4406 Chartae,
1679 4336 1758 4392 tum
1789 4343 1891 4392 accu-

265 4467 292 4506 „
319 4413 399 4512 prio
424 4413 696 4491 investitusiuit
720 4417 763 4490 de
783 4417 937 4517 prediiia
962 4421 1025 4492 Ca·
1124 4435 1239 4490 ratum
1280 4415 1381 4490 illius
1426 4443 1573 4490 examen
1619 4415 1889 4496 instituebatur.

264 4567 291 4607 „
319 4517 435 4612 pella,
454 4517 489 4589 ἃ
510 4519 553 4591 de
573 4518 829 4616 prenominatis
850 4515 946 4592 Casrs
961 4521 1030 4592 διε.

264 4671 291 4710 ,,
317 4621 366 4690 Er
392 4633 477 4690 tunc
503 4617 556 4691 ibi
580 4617 618 4691 in
645 4620 768 4692 codem
793 4618 1025 4718 judicio'pre·

264 4771 291 4810 „
317 4717 432 4792 dietus
459 4722 589 4791 Donno
613 4719 818 4815 Adelncyro
842 4723 924 4794 Dux
952 4747 1028 4820 pro·

116 4849 125 4876 x
264 4837 395 4920 „pter
423 4823 561 4909 Deum,
587 4820 622 4892 δι
651 4821 768 4896 anime
797 4822 931 4895 Domni
959 4827 1028 4896 En·

262 4975 289 5012 „
315 4921 381 4997 rici
402 4919 614 4996 serenissimi
642 4922 891 5020 Imperatoris,
911 4949 950 4997 ac
973 4922 1030 4998 sue

262 5075 288 5115 „
317 5023 507 5114 mercedis,
544 5023 633 5098 hanc
672 5027 819 5100 Cartam
856 5023 1029 5100 noticiam

259 5177 286 5220 „
312 5122 460 5204 scribere
478 5125 640 5232 precepit
660 5126 703 5204 ad
717 5153 805 5232 opus
826 5125 931 5234 ipfius
945 5131 1027 5206 Mo·

1124 4518 1232 4612 Quod
1268 4515 1290 4590 fi
1327 4517 1398 4592 tite
1432 4516 1609 4618 perspeiii
1648 4517 1889 4594 charaiierum

1125 4619 1255 4710 sormi,
1269 4617 1408 4696 testium
1425 4618 1651 4708 nominibus,
1666 4618 1889 4694 notisChto-

1124 4719 1323 4822 nologicis,
1338 4721 1564 4796 'sabellianis
1583 4720 1606 4794 sn
1633 4749 1707 4820 no„
1721 4718 1890 4795 aliarum.

1123 4849 1191 4920 que
1223 4847 1338 4896 rerum
1375 4823 1570 4898 collatione
1606 4748 1718 4912 iant,
1745 4847 1890 4922 appare·

1124 4927 1205 5012 bat,
1233 4923 1369 4999 tabulas
1406 4925 1444 4999 in
1472 4921 1743 4999 controversiam
1780 4923 1890 5000 addo.

1122 5026 1195 5100 iias
1232 5051 1303 5100 non
1339 5026 1497 5128 legitimi
1526 5023 1672 5102 Notarii
1708 5024 1890 5101 authenti·

1125 5151 1206 5205 cum
1233 5155 1343 5231 opas,
1369 5128 1426 5205 sed
1461 5127 1563 5230 ptari
1599 5127 1792 5230 cujuspiam
1830 5153 1891 5202 ne·

1201 5232 1238 5306 T
1291 5253 1314 5304 n
1696 5229 1857 5310 bolonis,
