4534 6164
325 487 408 588 3⁶9
644 461 1475 560 nissantarrnsnvrn
1737 497 1820 580 570

259 586 314 664 uti
352 588 452 690 supra
479 586 632 675 monui,
668 589 711 663 ab
750 583 1083 684 imperatoribusA
1117 583 1307 676 ventanis,
1342 609 1502 686 recepere
1537 583 1687 677 Graeci,
1722 586 1758 660 δι
1786 600 1883 685 prae·

262 691 408 767 Graecis
428 709 550 766 contra
571 688 886 792 Langobardorum
913 689 1023 789 impe·

261 810 340 867 tum
375 795 411 866 ἃ
449 792 541 868 vires
575 791 864 868 occidentalium
900 793 961 866 Au
986 818 1022 868 u·

262 893 418 970 storum.
461 894 542 967 Illic
585 893 624 968 in
662 891 724 968 usu
765 893 916 969 minime
955 818 1024 968 suit

263 998 487 1068 Manthionant
507 995 661 1096 dignitas
685 994 755 1070 sive
773 994 920 1070 titulus.
947 995 1022 1088 Qui

266 1097 435 1172 Praesides
463 1096 505 1170 ad
541 1125 617 1172 eam
649 1099 829 1199 regionem
857 1125 901 1172 ex
927 1099 1023 1172 Aula

263 1199 659 1298 Constantinopolitana
686 1201 942 1290 mittebantur,
968 1200 1021 1274 in·
1062 1191 1066 1198 ’

264 1299 381 1400 signiri
411 1302 618 1402 plerumque
653 1301 748 1376 suere
777 1300 888 1374 titulo
914 1305 1020 1372 Prota.

257 1403 419 1499 spatarii,
456 1422 517 1477 aut
542 1405 708 1500 Strategi,
744 1423 805 1476 aut
831 1403 1021 1499 Catapani,

1115 684 1218 788 cipue
1274 685 1446 786 Apulia.
1490 686 1740 762 Successorem'
1770 695 1883 780 Anno
1992 693 2001 710 ⁸

1116 791 1368 865 ncccxctt.
1383 786 1520 889 accepit
1532 788 1770 884 Symbaticius
1785 796 1883 863 Geat-

1110 891 1226 988 giam,
1267 893 1311 966 ab
1350 887 1497 965 Ostiensi
1538 889 1665 966 itidem
1708 918 1882 968 memora·

1116 1015 1225 1085 rum,
1267 995 1302 1066 δι
1340 993 1384 1067 ab
1420 997 1618 1089 Anonymo
1660 993 1882 1068 Salernitana

1117 1094 1207 1195 apud
1251 1094 1494 1196 Peregrinium
1541 1111 1629 1198 part.
1680 1099 1708 1170 l.
1748 1095 1881 1171 Histor.

1117 1195 1342 1298 Langobard.
1377 1200 1501 1298 Atque
1543 1199 1574 1272 is
1608 1196 1733 1271 eodem
1770 1203 1881 1272 Anno

1118 1299 1259 1398 Majoni
1295 1299 1434 1374 Abbati
1470 1299 1589 1374 Sanni
1620 1299 1806 1374 Vincentii
1837 1299 1878 1373 ael

1119 1406 1336 1475 Vulturnum
1374 1399 1603 1477 confirmavit
1640 1402 1710 1478 tria
1750 1405 1881 1476 Mona·

263 1530 352 1604 quae
379 1504 718 1579 nominalmilitii
743 1501 900 1578 desumto
927 1503 1020 1578 idem
1050 1518 1078 1588 Β
1114 1501 1213 1576 steria
1249 1503 1288 1578 in
1326 1506 1574 1578 Beneventano
1610 1504 1754 1606 regione
1791 1502 1879 1578 fita.

261 1605 503 1709 significavere
543 1627 649 1706 atque
688 1606 911 1703 Capitanear,
951 1603 1021 1679 sive

258 1713 383 1807 primns
407 1711 626 1806 Capitonem.
664 1709 817 1782 Proinde
852 1705 932 1781 sunt
957 1707 1020 1805 qui

263 1829 389 1909 putant
424 1812 597 1908 capitanei
632 1835 761 1883 nomen
797 1807 1020 1883 efformatum

261 1911 361 1989 fuisse
386 1917 405 1988 ὲ
432 1917 568 1990 Graeco
595 1918 771 2012 Catapan,
810 1909 895 1984 idest
923 1910 1020 2008 super

261 2043 373 2108 enne,
413 2014 508 2112 quast
551 2012 747 2087 Praeseblus
785 2012 1020 2104 Provinciae,

259 2139 322 2193 aut
348 2117 484 2192 cunblis
520 2114 725 2191 militibus.
762 2110 825 2186 Sed
853 2112 1021 2187 vetustior

258 2219 306 2294 est
331 2219 370 2292 in
397 2219 503 2292 ltalia
528 2216 702 2314 capitanei
728 2212 944 2314 appellatio,
981 2241 1019 2288 ac

258 2319 407 2421 proinde
442 2339 635 2416 numquam
663 2341 736 2388 vox
773 2315 886 2390 nostra
918 2318 1018 2415 Capi-

1114 1603 1304 1704 Diploma,
1323 1603 1393 1680 sive
1411 1607 1582 1696 Entilnra,
1609 1607 1664 1680 uti
1691 1605 1771 1680 illic
1790 1629 1880 1678 nun·

1114 1727 1261 1806 cupatur
1295 1711 1432 1782 Graeco
1469 1707 1671 1798 vocabulo,
1708 1706 1813 1781 babes
1840 1707 1879 1781 in

1114 1808 1298 1883 Chronico
1338 1808 1492 1908 ejusdem
1533 1808 1768 1900 Monallerii,
1809 1807 1880 1882 ibi·
1992 1839 1995 1844 ·

1116 1937 1184 2008 que
1204 1913 1402 2016 appellatur
1421 1911 1574 2007 Georgius
1593 1912 1775 2000 Patricius,
1802 1917 1880 1981 Pro·

1115 2012 1327 2108 raspatariat,
1354 2014 1399 2083 θ’
1417 2015 1601 2110 Stratignt.
1627 2013 1664 2086 Si
1689 2015 1788 2109 plura
1809 2015 1878 2086 Le·

1114 2112 1191 2186 clar
1215 2112 1317 2213 cupit
1342 2113 1385 2186 de
1411 2117 1550 2187 Martha
1584 2113 1746 2204 Teatina,
1782 2137 1876 2187 nunc

1116 2213 1262 2314 Aprurii
1292 2231 1390 2312 parte
1426 2213 1466 2290 in
1504 2218 1628 2312 Regno
1668 2214 1877 2314 Neapolita·

1115 2341 1183 2408 no,
1217 2318 1253 2389 dc
1280 2315 1322 2388 de
1358 2317 1498 2388 Martha
1530 2315 1753 2406 Yrrdentina,
1791 2319 1876 2390 Pro.

259 2423 417 2495 tanenrl
451 2426 590 2495 Graeco
624 2424 815 2512 catapanus
850 2414 1021 2490 fluxerit.
1056 2428 1085 2497 C
1116 2417 1255 2490 vinciae
1282 2421 1439 2489 Venetae
1475 2413 1720 2506 contermina,
1757 2441 1797 2489 ac
1833 2421 1875 2492 de

259 2529 382 2619 Quum
402 2529 487 2598 verb
513 2519 756 2622 postmortem
777 2516 901 2616 Caroli
922 2517 1020 2589 Cras·

200 2639 202 2644 '
257 2625 282 2700 d
310 2623 460 2724 Augusti
495 2627 620 2696 Anno¹
642 2619 1023 2692 ncccnxxxvsst.

258 2725 453 2800 teterrimis
489 2722 664 2796 bellorum
692 2720 850 2794 motibus
878 2725 1016 2793 coneus.

258 2825 293 2900 sa
320 2825 428 2900 suerit
456 2822 588 2915 ltalia,
615 2843 701 2896 runc
727 2845 798 2894 non
827 2819 945 2921 segnes
971 2825 1017 2893 0.

258 2926 385 3002 rientis
424 2930 655 3024 Imperatores
687 2923 728 2996 ad
764 2945 861 2995 arma
889 2947 1015 2996 convo·

258 3031 399 3120 larunt,
426 3025 629 3124 sosiumque
654 3023 701 3097 ell
725 3024 763 3098 in
785 3041 884 3096 tanta
899 3049 1015 3099 return

258 3127 545 3230 perturbatione,
585 3141 626 3199 ut
664 3126 843 3224 potiorem
882 3144 1017 3223 partem

255 3231 499 3310 Beneventani
528 3226 751 3324 Principatus
775 3227 1018 3328 Langobardis

1114 2518 1195 2590 aliis
1240 2515 1465 2617 posteriorum
1508 2517 1733 2591 Saeculorum
1776 2521 1875 2594 Mar·

1114 2617 1212 2708 eltis,
1238 2617 1341 2692 adeat
1361 2617 1651 2693 Differ-tationem
1672 2645 1782 2719 nuper
1801 2622 1875 2696 lau·

1114 2718 1231 2792 datam
1266 2717 1457 2794 dosliffimi
1495 2721 1651 2795 Reretti.
1690 2725 1874 2797 Narratio·

1115 2847 1196 2894 nem
1223 2823 1364 2894 claudat
1391 2841 1661 2895 monumentum
1698 2822 1874 2898 ineditum

1115 2924 1227 2996 adhuc
1242 2924 1283 2996 ad
1297 2924 1481 3020 Gregorinm
1494 2923 1761 3018 Pratospararinrn
1775 2929 1874 3022 smpe-

1115 3025 1224 3096 rr'alern
1252 3027 1296 3096 θ
1323 3031 1526 3121 Catapannm
1551 3026 1668 3098 ltaliae
1693 3023 1872 3124 spasians,

1114 3127 1176 3224 qui
1217 3129 1311 3200 ultra
1353 3143 1496 3200 centum
1536 3128 1579 3200 ab
1619 3125 1724 3199 illinc
1764 3153 1874 3202 annos

1115 3225 1258 3302 floruit.
1288 3230 1409 3302 Debeo
1428 3227 1520 3302 illud
1539 3225 1744 3303 Clarissimo
1762 3255 1875 3326 quon·

257 3333 468 3432 eriperent;
508 3331 624 3405 immo
650 3332 685 3402 δι
722 3327 795 3422 ipsa
823 3331 1017 3403 Beneventi
1053 3313 1084 3381 D
1114 3331 1194 3403 dam
1221 3329 1313 3404 Viro
1341 3333 1386 3404 D.
1422 3329 1615 3406 Benedidlo
1651 3331 1873 3426 Buccbinio,

256 3433 400 3512 Civitas
427 3437 537 3507 Anno
572 3433 787 3504 Dcccxc.
823 3430 861 3502 in
897 3457 1017 3505 eorum

255 3537 432 3612 ditionem
457 3529 646 3608 concellit.
673 3532 797 3630 Eiusce
820 3533 1014 3631 expeditio-¹

256 3638 313 3712 nis
341 3642 424 3709 Dux
452 3634 522 3707 suit
550 3633 810 3718 Sumbatieius,
840 3631 910 3706 slve
937 3636 1014 3708 sab·

256 3737 436 3822 baticius,
471 3735 491 3804 a
520 3738 642 3806 Leone
665 3731 811 3805 Olliensv
839 3733 877 3806 in
904 3735 1013 3808 Chro·

256 3838 329 3911 nic.
355 3837 471 3908 Casto.
499 3831 582 3905 Lib.
610 3835 637 3904 1.
664 3836 753 3930 Cap.
778 3857 839 3930 49.
866 3839 1015 3934 appella.

255 3955 314 4014 tus
341 3935 521 4022 imperialis
545 3931 821 4025 Protospatatins,
856 3937 901 4004 6*
925 3943 1014 4010 stra.

255 4041 325 4140 tiga
365 4035 603 4124 Macedoniae,
638 4033 828 4122 Thraciae,
863 4038 1013 4130 Cephalo.

1110 3431 1173 3529 qui
1208 3459 1253 3505 ex
1286 3431 1450 3506 Archivo
1485 3431 1694 3506 nobilissimi
1733 3437 1872 3509 Coeno·

1112 3534 1164 3607 bii
1200 3531 1391 3608 Cafinensts
1425 3531 1672 3633 descripserat,
1710 3537 1745 3608 δι
1783 3534 1874 3628 mihi

1113 3632 1184 3708 suit
1226 3635 1455 3734 impertitus.
1499 3634 1645 3726 Junblus
1686 3635 1787 3710 simul
1832 3635 1871 3710 in
1960 3633 1968 3638 ’

1113 3737 1313 3810 membrana
1339 3736 1521 3838 legebatur
1547 3755 1665 3812 textus
1692 3741 1872 3832 Graecus,

1112 3843 1147 3909 dc
1174 3838 1306 3912 Latina
1328 3837 1458 3912 versio.
1487 3838 1696 3913 l’ollr‘emam
1717 3855 1873 3914 rantum·

1111 3937 1217 4009 modo
1252 3937 1386 4012 Lellor
1411 3939 1588 4035 accipiat·
1627 3965 1739 4037 neque
1774 3941 1870 4016 enirn

1109 4036 1237 4111 Graeci
1273 4037 1489 4110 charadleres
1524 4001 1718 4137 descripti,
1754 4042 1809 4116 uri
1836 4069 1870 4118 e·

254 4145 364 4231 niae,
404 4165 499 4236 aeque
541 4134 815 4232 langobardiae.
857 4136 1017 4211 Nomine
1052 4153 1186 4222 Erant
1210 4137 1250 4210 in
1269 4136 1511 4238 autographo,
1537 4163 1619 4212 cnm
1647 4145 1869 4240 compendiis

256 4265 374 4318 autem
404 4238 674 4338 langobardiae,
711 4235 765 4309 uri
801 4262 874 4310 noo
909 4235 1014 4312 semel

255 4343 484 4444 significavi,
530 4337 773 4442 designabatur
809 4363 849 4412 ea
887 4339 1014 4438 regio,

255 4469 364 4550 guam
402 4443 590 4520 debellatis
625 4440 870 4544 Langobardir
906 4445 1012 4518 Bene·

1108 4267 1179 4314 non
1207 4241 1351 4339 paucis,
1376 4239 1477 4314 suum
1502 4237 1639 4316 sensum
1665 4240 1749 4320 satis
1776 4243 1867 4321 mibi

1108 4339 1313 4444 prodidere.
