4602 6136
474 451 536 561 'tt
778 433 1664 570 ANTIQUJMEDHAEVJ
1909 471 1968 551 ,ὅ

409 563 501 661 filiis
525 593 561 640 ae
587 561 749 662 nepotibus
782 567 869 659 tuis,
906 567 961 664 qui
980 572 1081 663 supra
1115 567 1178 640 Bo·
1200 563 1235 635 A
1250 559 1350 652 fariis
1369 580 1428 660 per
1452 561 1596 655 mtufura
1615 565 1706 660 julla
1741 567 1826 648 inter
1843 571 2022 671 sediminas

416 667 574 742 uelocius
600 667 789 759 Marchio,
817 669 956 766 qualiter
971 671 1120 766 superius
1137 671 1180 740 le·
1253 661 1297 732 ll*
1321 663 1426 750 ateis,
1451 665 1506 734 ubi
1531 663 1614 736 vitis
1636 668 1737 769 ellone
1756 677 1941 775 serpentis
1966 705 2019 755 at.

411 771 526 866 gitur,
562 771 718 842 abendam
755 770 880 842 tradidi
911 771 1054 866 precaria
1088 791 1181 868 atque
1252 787 1310 858 qut
1329 763 1423 832 terris
1441 765 1597 858 arabilis,
1620 775 1763 866 gerbidis
1780 781 1826 849 Θ
1843 785 2016 877 berftaleis,

412 869 636 962 enfiotbetaria
662 873 804 964 nomine,
832 892 868 942 ut
887 871 1021 964 faciatis
1047 873 1081 943 in
1107 871 1181 968 ipfis
1249 871 1302 954 feu
1318 861 1422 948 stivfs
1445 891 1514 936 Μ
1536 871 1620 941 filet}
1645 874 1791 970 Wolters,
1808 881 1940 980 fugeras
1962 887 2020 958 vi·

412 971 509 1058 Cufis
533 974 578 1042 θ
604 974 746 1046 omnibus
772 977 862 1046 retus
886 974 1038 1071 quicquid
1071 975 1175 1044 wlue-
1250 965 1358 1062 giuti.
1383 971 1432 1036 Et
1450 992 1516 1038 una
1538 970 1572 1040 iu
1591 975 1675 1070 loeo,
1695 981 1751 1051 uti
1772 983 1890 1056 dieitur
1907 991 2019 1062 Murt-

412 1073 488 1145 ritis
514 1063 581 1147 uua
606 1103 673 1146 eum
707 1077 922 1172 aeeeffionibus
958 1077 1025 1145 (Vc.
1054 1073 1103 1145 ita
1128 1095 1176 1147 ta·
1253 1090 1288 1141 te
1326 1065 1526 1158 hieratio,
1553 1097 1633 1174 quae
1667 1083 1788 1176 regitur
1807 1106 1865 1183 per
1886 1097 1918 1182 J
1919 1093 2018 1162 ohan·

412 1203 485 1248 tuen
513 1197 549 1248 ut
573 1179 656 1273 quod
680 1205 738 1248 vos
764 1178 820 1270 qui
834 1175 935 1270 fttpra
943 1181 975 1264 J
977 1177 1107 1268 ugales,
1122 1177 1178 1268 feu
1253 1194 1307 1239 urs
1332 1168 1377 1239 (θ’
1403 1171 1576 1279 ingilberto
1610 1182 1655 1244 O·
1679 1185 1832 1258 Beliardo
1855 1193 2019 1288 germanis

405 1277 570 1376 filiis,ae
584 1281 747 1376 nepotibus
765 1276 861 1374 ipfius
882 1273 1063 1351 Bonesacii
1079 1279 1171 1350 Mat·
1250 1269 1335 1357 filiis
1360 1283 1518 1368 quondam
1545 1279 1735 1375 ingelberti,
1761 1293 1844 1384 quad
1868 1291 1912 1381 eft
1937 1299 2017 1364 Ma.

413 1377 577 1468 chionis,
613 1381 752 1477 qualiter
771 1376 918 1478 superius
942 1377 1086 1475 legitur,
1123 1405 1162 1448 no
1249 1372 1381 1485 pericia·
1402 1373 1496 1468 ipsa,
1525 1375 1624 1460 steuti
1654 1402 1712 1478 prr
1751 1389 1862 1478 noslrrs
1897 1396 2017 1492 regitur

403 1481 486 1570 fleis
519 1483 565 1550 (l
600 1481 711 1570 nostris
745 1485 835 1555 rebus
869 1481 1088 1570 meliorentur,
1125 1507 1175 1550 reu
1198 1469 1227 1540 Β
1252 1471 1411 1562 Mas‘l'lii
1440 1495 1499 1569 ΡΗ
1533 1479 1677 1572 mensum
1705 1485 1794 1576 flesto
1830 1492 1913 1564 inter
1948 1499 2018 1570 &a

412 1609 475 1654 nou
496 1582 702 1682 pejorentur,
739 1603 893 1676 quatenus
923 1577 1097 1674 proficiat,
1125 1605 1178 1651 uec
1251 1569 1362 1668 fugeret
1386 1577 1507 1648 leena.
1534 1579 1635 1665 Etfi
1659 1589 1744 1682 quod
1767 1591 1871 1683 absit,
1898 1617 1936 1665 nt
1952 1597 2018 1686 fie.

409 1711 474 1758 non
510 1688 679 1784 deperent.
716 1687 765 1751 Et
800 1681 892 1775 quale
928 1679 969 1750 de
1003 1707 1082 1770 vos,
1122 1685 1178 1778 qui
1252 1673 1282 1741 rt'
1307 1677 1568 1770 mamertinus,
1595 1683 1684 1769 ulfi
1708 1714 1846 1785 unquam
1878 1695 1912 1763 in
1939 1717 2018 1767 tem.

404 1788 507 1882 supra
541 1785 683 1878 jugales
723 1809 821 1852 utrum
855 1802 929 1855 ante
964 1783 1098 1854 alterum
1138 1785 1177 1854 de
1250 1797 1322 1870 pm
1356 1803 1412 1847 2⁸⁰5
1437 1785 1492 1875 qui
1522 1781 1622 1878 supra
1638 1791 1801 1885 jugales,
1829 1796 1886 1864 vel
1920 1798 2017 1883 ttoflri

407 1913 444 1957 oe
462 1887 568 1978 seculo
592 1884 804 1980 migraverit,
832 1907 906 1956 terne
930 1879 1083 1956 deveniat
1108 1885 1178 1979 ejus
1251 1878 1355 1947 eredes
1371 1875 1445 1971 fam
1466 1880 1566 1953 lillis
1586 1888 1709 1974 Caflris
1731 1893 1777 1961 Θ·
1798 1898 1942 1992 Capellis
1958 1899 2018 1992 seu

405 1988 513 2088 portio
549 1989 594 2060 ad
620 1977 744 2077 illum,
771 1988 826 2083 qui
853 1993 950 2083 fuper
984 1985 1148 2060 advixerit
1157 2016 1176 2076 ,·
1253 1976 1370 2068 Cufis,
1407 1983 1452 2050 θ
1484 1986 1628 2058 omnibus
1664 1995 1779 2086 rebus,
1816 2023 1895 2093 quae
1925 2000 2018 2096 parti

404 2089 475 2189 pofl
500 2109 604 2160 autem
638 2085 817 2182 dieefforum
851 2089 989 2160 omnium
1007 2071 1176 2176 vestrirum
1254 2079 1350 2176 ''pfm
1376 2083 1539 2180 Eptfcopii
1562 2090 1730 2186 dedimus,
1757 2099 1799 2168 ab
1824 2125 1912 2171 omne
1947 2127 2019 2172 con·

400 2189 610 2284 jugalibus,
641 2188 698 2280 feu
732 2191 772 2259 dr
798 2187 915 2281 filiis,
945 2179 1105 2282 filiabus,
1141 2219 1177 2264 at
1252 2183 1422 2254 trudinare
1462 2187 1583 2260 homine
1624 2185 1685 2265 nou
1726 2199 2016 2292 defensaverimus,

407 2289 594 2388 nepotibus,
613 2288 699 2374 sicut
717 2289 865 2386 firperius
890 2291 1033 2388 legitur,
1059 2291 1176 2386 deeeffu
1251 2303 1325 2356 tuno
1360 2284 1472 2371 uuestris
1505 2291 1628 2378 Castris
1663 2297 1708 2366 (9¹
1742 2303 1911 2395 Capellis,
1940 2302 2016 2388 five

405 2417 595 2492 quorumque
623 2392 780 2464 Dominus
811 2393 994 2488 placuerit,
1024 2393 1099 2488 s'am
1123 2397 1171 2465 di·
1195 2388 1227 2461 C
1250 2385 1342 2470 Castl
1367 2388 1412 2456 θ’
1437 2394 1580 2464 omnibus
1606 2399 1696 2469 rebus
1722 2398 1756 2469 in
1781 2403 1915 2498 deuplum
1939 2425 2017 2501 par·

404 2495 472 2568 llis
496 2493 618 2583 Castris
644 2491 689 2564 &⁶
713 2493 885 2592 Capellis,
915 2493 988 2582 seve
1016 2495 1107 2581 Cufis
1134 2497 1176 2568 Θ
1250 2487 1278 2558 ti
1304 2487 1402 2584 ipsm
1427 2493 1591 2590 Episcopii
1617 2499 1835 2592 restituamus,
1855 2504 1940 2588 ficut
1959 2528 2017 2602 per

410 2596 555 2670 omnibus
594 2598 713 2688 rebus,
749 2597 887 2694 qualiter
913 2597 1061 2694 superius
1094 2627 1172 2672 eum·
1251 2609 1371 2687 temptes
1396 2595 1555 2668 meliorati
1581 2599 1728 2692 fuerint,
1755 2625 1814 2676 ant
1849 2608 2016 2678 valuerint

405 2697 530 2798 prensis
555 2699 695 2798 legitur,
722 2699 854 2774 revertit
874 2697 972 2810 ipfius
989 2700 1175 2808 Episcopio,
1265 2697 1307 2764 ub
1330 2693 1531 2766 extimatione
1556 2698 1591 2768 in
1614 2701 1826 2784 consimilibus
1848 2709 1942 2782 locis.
1967 2713 2025 2796 Ee,

402 2801 500 2900 Ἄρης
523 2803 568 2892 0st
589 2805 786 2902 pmpn'em,
1263 2795 1346 2866 thot
1363 2798 1524 2887 everterit,
1544 2803 1627 2896 quod
1642 2829 1702 2873 vos
1720 2805 1776 2904 qui
1786 2807 1888 2902 fupra
1904 2813 2019 2886 Dom-

461 2911 511 2978 Et
532 2927 591 3004 pro
614 2908 771 3000 Consum,
796 2910 879 3006 qued
904 2935 960 2980 nos
982 2907 1092 3000 nostris
1107 2915 1171 3000 Ju.
1251 2923 1314 2972 nus
1342 2899 1431 3000 lngo
1457 2897 1672 3004 Episcopus,
1699 2908 1754 2977 vel
1778 2909 1880 2996 vestro
1899 2910 2018 3004 sucees-

403 3009 535 3107 galitas
556 3008 774 3107 persingulas
795 3037 896 3084 annos
917 3015 958 3082 de
982 3011 1094 3100 nutflris
1112 3017 1172 3082 Ca·
1267 3025 1332 3070 ms
1341 3054 1353 3091 ‚
1382 2999 1441 3093 [θα
1469 3023 1549 3102 pm
1584 3004 1683 3103 fpfius
1715 3011 1901 3106 Episcopii,
1928 3015 2020 3086 nobie

400 3111 451 3198 fis
472 3112 516 3180 θ’
534 3112 678 3182 omnibus
701 3115 791 3182 rebus
812 3113 888 3184 dari
905 3115 1071 3208 debemus,
1086 3113 1177 3212 parti
1250 3103 1306 3199 qui
1321 3100 1424 3198 supra
1435 3111 1467 3196 J
1469 3107 1638 3202 regalibus,
1652 3109 1710 3202 fen
1734 3113 1780 3184 ad
1793 3111 1884 3205 filiis
1904 3141 1940 3186 ae
1961 3142 2015 3185 ne·

405 3211 505 3308 ipsius
541 3209 724 3306 Episcopii,
751 3213 886 3300 damus,
912 3215 1099 3304 tradamus,
1126 3235 1173 3288 at·
1246 3205 1375 3300 patim
1399 3207 1476 3277 mels
1500 3209 1558 3304 qui
1577 3209 1677 3308 fiepra
1702 3211 1886 3286 Bonefacii
1915 3218 2016 3290 Mar·

405 3339 466 3412 que
492 3309 653 3406 offerimus
688 3336 743 3382 nos
768 3309 824 3406 qui
842 3309 943 3406 frepra
965 3319 997 3404 J
999 3315 1108 3408 ugales
1133 3317 1177 3384 ad
1197 3309 1231 3378 D
1252 3305 1356 3394 chio,
1382 3309 1520 3402 qualiter
1548 3310 1696 3406 superius
1719 3315 1838 3412 legitur
1861 3318 1912 3386 de'
1922 3337 2015 3414 prae·

401 3433 529 3511 partem
565 3410 688 3506 prefati
723 3410 889 3510 Episcopio
924 3413 970 3483 ael
1003 3409 1073 3508 ejus
1101 3410 1177 3506 fure
1250 3407 1347 3478 lillis
1373 3407 1465 3493 Colis
1490 3411 1535 3481 O·
1556 3415 1700 3484 omnibus
1724 3421 1833 3504 rebus,
1857 3443 1938 3518 quas
1960 3445 2016 3490 nos

405 3514 453 3586 (θ’
481 3513 709 3612 proprietatem
748 3511 926 3584 habendum
963 3517 986 3584 i
1017 3513 1177 3610 praesenti
1249 3509 1444 3605 petivimus,
1472 3536 1625 3612 quamque
1651 3516 1695 3586 Θ
1721 3519 1811 3609 illis,
1837 3545 1918 3616 quae
1938 3543 2018 3618 pars

404 3615 482 3704 die,
510 3615 546 3688 id
575 3614 655 3706 funt
690 3614 826 3706 Mausos
853 3616 911 3707 fex
940 3615 975 3686 in
1010 3616 1095 3706 loco,
1122 3617 1177 3687 ubi
1253 3609 1348 3708 ipsius
1383 3613 1547 3710 Epifcopii
1572 3613 1764 3713 offerfimuo,
1798 3623 1911 3718 aliqua
1938 3623 2018 3715 sub·

404 3717 525 3786 dieitur
561 3713 696 3806 Fredo,
724 3715 780 3813 qul
815 3741 916 3810 regere
949 3716 1081 3786 videtur
1112 3743 1176 3788 una
1252 3711 1405 3785 trailioue
1417 3715 1580 3808 feceretis,
1594 3717 1669 3802 sive
1685 3723 1725 3792 de
1741 3724 1852 3819 fruges
1871 3725 1916 3794 (9·
1934 3731 2019 3796 Ceu·

401 3837 460 3913 per
486 3823 602 3905 Petro,
630 3815 700 3886 alia
723 3837 780 3912 per
806 3815 976 3908 Martiae,
1000 3817 1098 3889 tereia
1118 3839 1177 3916 per
1246 3813 1339 3905 ferm,
1366 3816 1422 3911 qui
1450 3817 1563 3888 exinde
1597 3820 1734 3912 exierit,
1762 3826 1939 3918 tulleritis,
1967 3829 2020 3898 ul.

397 3916 590 4012 Jemiuiauo
625 3915 807 4008 Mafariis,
827 3915 901 4000 sive
923 3917 996 4010 fuis
1030 3917 1170 4012 eonforti·
1251 3939 1304 3987 tra
1329 3919 1447 3988 Lrbras
1472 3938 1535 3987 tres
1559 3923 1687 4016 argenti
1711 3927 1863 4016 valente,
1891 3929 1936 3999 (Ψ
1963 3953 2020 4000 nos

406 4021 486 4107 bees,
523 4017 580 4114 qui
615 4039 771 4094 vocantur
805 4017 951 4110 Neritei,
987 4022 1071 4116 quod
1098 4022 1177 4113 funt
1250 4018 1307 4114 qui
1325 4016 1426 4114 fupra
1450 4023 1482 4112 J
1484 4023 1612 4113 ugales,
1639 4025 1694 4094 vel
1712 4023 1803 4112 filiis
1835 4057 1873 4100 ae
1898 4025 2019 4126 nepoti·

405 4121 497 4190 rebus
521 4117 598 4214 ipsis
616 4117 716 4204 ficuti
737 4140 796 4216 per
819 4121 930 4206 ntrflris
953 4123 1074 4218 regitur
1096 4127 1172 4193 Ma·
1252 4123 1309 4188 bus
1342 4119 1440 4206 meis,
1478 4119 1535 4214 qul
1561 4122 1663 4217 supra
1698 4126 1881 4203 Bonelacii
1919 4131 2019 4199 Mat.

398 4219 500 4316 fariis
523 4239 582 4315 per
617 4220 761 4312 mensura
783 4219 873 4313 fusto
907 4221 990 4294 iuter
1008 4223 1173 4316 ferlimini·
1202 4216 1357 4308 Echio,
1393 4219 1533 4315 qualiter
1560 4223 1707 4320 superius
1746 4232 1890 4324 legitur,
1925 4227 2020 4298 vobit

405 4326 465 4396 bus
491 4321 534 4390 Θ
559 4319 663 4410 areis,
689 4321 746 4391 ubi
769 4321 855 4391 vitis
879 4324 1002 4414 estant,
1020 4323 1078 4415 feu
1100 4346 1173 4422 pra·
1254 4318 1326 4394 (cire
1355 4319 1539 4412 fecerimus,
1566 4325 1611 4396 G*
1635 4355 1694 4400 vos
1712 4331 1784 4424 qui
1802 4327 1842 4418 su
1866 4350 1903 4398 ra
1930 4330 2021 4428 lngo

405 4423 473 4515 tis,
497 4420 655 4512 arabilis,
676 4423 842 4516 gerbidis,
865 4423 909 4492 Ψ
931 4419 1102 4516 brrfealeis,
1120 4426 1177 4517 feu
1253 4419 1468 4520 Episcopus,
1503 4426 1560 4495 vel
1593 4428 1710 4514 vestros
1738 4347 1936 4521 fuccefitres,
1961 4429 2024 4524 fers

398 4525 502 4614 filvis
526 4549 594 4596 oum
621 4524 706 4594 areis
725 4523 881 4612 suarum,
902 4523 1036 4621 fugeras
1061 4527 1173 4622 trigiu·
1251 4545 1327 4618 pars
1363 4523 1460 4620 ipsius
1486 4527 1650 4624 Episcopii
1685 4525 1772 4616 infra
1799 4531 1897 4603 trium
1934 4560 2021 4606 mert-

406 4647 466 4702 ta.
506 4631 554 4699 Et
587 4625 667 4696 dues
704 4623 923 4714 Mafarier'es,
958 4627 1070 4722 quibus
1098 4628 1176 4719 sunt
1252 4623 1354 4714 stum,
1381 4624 1540 4723 postquam
1566 4626 1657 4698 vobis
1682 4628 1757 4711 loire
1777 4631 1943 4721 fecerimus
1968 4661 2023 4706 ea·

404 4729 503 4825 polite
528 4729 561 4800 in
586 4727 650 4798 loto
674 4721 839 4814 curtile,
854 4745 952 4821 prope
974 4727 1104 4818 Caflro,
1124 4729 1179 4824 qni
1254 4726 1341 4820 pud,
1368 4747 1495 4798 tautum
1531 4753 1591 4796 nou
1618 4733 1885 4824 emendaveritis,
1905 4732 1940 4817 st
1967 4759 2024 4804 uos

407 4830 528 4900 dicitur
562 4825 737 4920 Predosa,
768 4851 847 4924 quoe
883 4825 961 4897 reela
986 4825 1079 4918 fiunt
1114 4857 1176 4900 una
1257 4828 1386 4922 recipere
1419 4832 1584 4920 volumus,
1614 4851 1689 4905 toene
1717 4837 1830 4925 eisdem
1865 4832 1943 4918 tofis
1978 4835 2024 4905 &¹

404 4951 463 5028 per
499 4932 650 5003 Martiae
679 4929 915 5024 Andreverge,
942 4927 1012 5000 alia
1044 4947 1101 5023 per
1125 4933 1164 5001 Si
1259 4931 1367 5020 rebus,
1390 4953 1473 5026 quos
1492 4932 1587 5028 parti
1613 4935 1712 5034 ipsius
1737 4934 1902 5029 Episcopii
1926 4933 2021 5005 dedi.

403 5029 484 5128 giro
511 5053 578 5096 cum
600 5031 672 5118 fuis
705 5029 872 5126 coufortis,
899 5055 978 5128 quae
997 5029 1076 5120 sum
1103 5031 1176 5128 ipfee
1260 5057 1344 5120 tuus,
1366 5033 1399 5102 in
1425 5027 1527 5118 nostro
1551 5055 1690 5106 revertat
1709 5035 1861 5127 potestate
1880 5035 2021 5132 proprie·

407 5125 625 5225 Mufarieies,
639 5128 737 5213 fiunti
751 5155 810 5234 per
829 5130 940 5224 noflris
963 5130 1083 5229 regitur
1101 5137 1175 5210 Ma
1259 5133 1339 5204 tario
1358 5132 1456 5228 jure,
1482 5138 1560 5234 quio
1586 5135 1636 5225 fic
1660 5135 1743 5208 inter
1777 5159 1832 5208 nos
1848 5136 1946 5228 stetit
1971 5157 2026 5222 ertu¹

1914 5261 1977 5340 qli&
