4622 6140
324 426 405 506 241

606 380 1128 475 nrssssrnrso
1191 373 1539 496 Qvnsrn.

1743 421 1827 504 242

256 541 311 614 ego
347 511 498 586 Nicolcus
531 509 570 580 de
601 504 789 595 Pandolso:
823 527 878 602 ege
895 499 898 505 ’
914 503 1030 576 Nicolc
1055 515 1087 586 A
1114 497 1218 570 minus
1239 525 1324 572 meus
1342 501 1532 596 Galgcnus,
1557 501 1614 572 vel
1636 500 1707 596 esus
1717 503 1814 599 filii,
1837 509 1890 580 μὴ·

257 614 443 702 ueneficam
468 615 513 682 U·
537 616 655 681 Petrus
679 605 826 692 Abrusio
859 603 1028 680 Custodes

257 715 541 816 &vigilatores
573 709 671 809 ipstus
697 706 921 797 Mconirioms,
949 703 1027 800 juro

254 841 314 919 pce
344 819 420 891 boec
452 810 653 908 sacroscnllo
687 809 906 901 Evangelia,
945 815 1027 902 quon

259 926 302 996 ab
327 921 384 992 boc
410 919 486 990 bora
513 915 548 986 in
574 933 672 988 nnrec
698 910 813 1005 fidelis
838 936 887 982 ero
912 913 1027 982 Donno

260 1030 372 1120 Papae
398 1017 579 1107 Adriano,
614 1011 740 1111 esusque
755 1011 938 1085 *Cerbolicis
958 1010 1027 1102 suc·

261 1121 425 1220 sessoribus
447 1120 493 1190 Φ·
512 1115 651 1190 scoliae
667 1124 833 1188 Romanor
851 1111 1028 1197 Ecclestce.

260 1230 328 1301 Nec
352 1249 404 1295 ero
428 1221 463 1294 iu
483 1218 572 1311 sallo
592 1218 649 1288 vel
671 1214 797 1300 confilio
822 1234 880 1290 our
904 1212 1026 1303 consen·

258 1327 327 1420 su,
354 1326 438 1422 quod
460 1325 568 1396 viram
589 1323 728 1414 perlem
751 1335 811 1388 aus
835 1316 1026 1406 membrum,

1116 603 1148 671 lo
1180 625 1330 699 umquem
1363 621 1499 698 tempore
1528 605 1650 675 nollent
1683 610 1889 704 recognoscere

1118 701 1219 797 ipsum
1244 702 1390 790 Caslrum
1411 706 1464 776 'cle
1491 707 1640 778 Sculculo
1671 728 1729 804 per
1760 713 1888 784 marum

1118 809 1249 878 Petrum
1267 807 1312 875 θ
1334 813 1496 878 Romanos
1514 805 1707 901 Ponrisices,
1724 808 1811 896 stcur
1834 813 1890 884 ri.

1119 904 1203 976 llum
1228 905 1292 998 esl,
1320 907 1366 978 Θ·
1389 911 1430 979 de
1448 906 1617 1001 fidelirorc
1640 913 1753 984 Dmni
1777 919 1889 1012 Papae

1120 1007 1243 1078 vellens
1267 1009 1372 1099 exire,
1397 1030 1472 1081 runs
1497 1038 1554 1108 ego
1574 1032 1633 1110 pro
1657 1014 1735 1085 oncis
1760 1016 1888 1090 viribus

1121 1113 1324 1206 repugnando
1358 1109 1497 1199 refislam
1530 1113 1598 1205 eis,
1626 1115 1671 1185 (r
1697 1121 1805 1190 senebo
1839 1145 1888 1191 me

1119 1231 1226 1284 sonmo
1260 1237 1309 1284 eos
1342 1237 1410 1286 cum
1445 1218 1561 1286 Donno
1586 1221 1705 1314 Papa,
1740 1220 1797 1317 qui
1829 1241 1888 1317 pro

1119 1333 1253 1410 tempore
1282 1312 1407 1404 suerio.
1443 1321 1611 1390 Praetereo
1646 1318 1729 1390 idem
1763 1322 1889 1419 Galgc·

262 1435 320 1499 vel
342 1425 511 1522 capiantur
532 1421 618 1492 mole
640 1419 801 1516 captione.
827 1423 956 1488 Certum
978 1441 1025 1486 eo·
1062 1419 1091 1490 B
1120 1440 1180 1484 nus
1205 1414 1345 1506 absolvis
1369 1441 1475 1488 omues
1500 1416 1572 1504 isles
1598 1421 1632 1490 in
1658 1419 1717 1493 bac
1747 1430 1888 1519 porceb

262 1552 335 1600 rum
365 1529 516 1600 domnum
539 1521 586 1592 (9⁶
615 1545 740 1618 grove,
769 1517 803 1604 fi
835 1542 1026 1615 cognovero,

259 1627 382 1722 sociam
406 1645 584 1713 remanere,
602 1619 638 1706 si
658 1617 841 1720 pcrerorst
864 1624 939 1690 verb
965 1644 1025 1690 non

259 1749 393 1828 porerc,
427 1746 503 1798 runc
527 1723 673 1797 indicabo
698 1727 814 1794 Donno
838 1728 949 1822 Popoe
972 1721 1028 1790 vel

258 1851 319 1928 per
341 1855 414 1917 mc,
448 1827 505 1898 vel
536 1845 593 1922 per
627 1823 789 1898 Nuntium
821 1847 946 1912 meum,
973 1821 1028 1892 vel

257 1951 316 2029 per
333 1930 466 2002 liceras.
493 1931 543 2000 Ec
559 1925 592 2013 fi
607 1926 692 2019 sorec
711 1923 817 2024 (qood
833 1921 940 2022 obstr)
961 1927 1026 1996 Do·

1117 1514 1323 1610 susannense,
1350 1541 1409 1613 qno
1433 1518 1462 1589 ei
1487 1521 1694 1594 tenebantur.

1170 1619 1299 1715 Scripta
1326 1618 1407 1712 scsnr
1430 1619 1504 1692 baec
1524 1643 1583 1716 per
1607 1649 1735 1694 monum
1756 1625 1889 1721 praecli-

1119 1717 1165 1790 bli
1190 1720 1325 1816 Rogerii
1356 1721 1551 1798 Subdiaconi
1563 1775 1576 1812 ,
1611 1725 1646 1794 in
1681 1724 1751 1820 ipsa
1780 1727 1887 1798 muroi-

1119 1821 1203 1894 rione
1227 1825 1268 1894 dc
1291 1822 1460 1914 reclausa,
1486 1823 1580 1898 cercis
1606 1825 1683 1898 Ilus
1697 1831 1730 1917 J
1731 1826 1817 1900 ulii.

279 2159 476 2254 chartula
505 2157 810 2282 permutationis
840 2165 1067 2253 Castrorum
1097 2159 1260 2252 Lasisni
1289 2165 1329 2250 u
1359 2167 1537 2252 Normae
1566 2162 1673 2254 intes
1703 2163 1892 2262 Alexan·

532 2282 651 2372 dsum
682 2285 759 2370 ΙΙΙ.
789 2284 1267 2516 PapsmAlpngaispspspem
1296 2283 1346 2372 de
1375 2282 1628 2397 Tusculano,

318 2647 356 2720 N
379 2641 503 2716 nomine
528 2637 663 2717 Domini
688 2635 785 2728 noslri
791 2645 822 2730 J
823 2637 874 2730 esu
892 2636 1089 2728 chrisme
1122 2665 1182 2712 noe
1208 2639 1253 2711 ccl
1278 2639 1502 2738 proprietatem
1538 2641 1573 2714 in
1603 2661 1790 2742 perperuum
1823 2649 1889 2722 Cr·
1997 2711 2000 2720 ,

343 2751 445 2820 Anno
464 2743 698 2820 Incuruasionis
716 2739 785 2834 esus
802 2744 1031 2813 MCLXXIX.

1113 2739 1217 2828 sirum
1243 2742 1382 2816 Larium
1407 2771 1475 2816 cum
1500 2770 1591 2836 aree,
1617 2770 1712 2844 quam
1730 2749 1888 2822 Dominus

270 2845 481 2936 Pontificarur
516 2843 636 2916 Domni
664 2842 853 2916 menandri
878 2845 941 2914 III.
967 2847 1030 2914 Pc-
1120 2847 1214 2938 Papo
1239 2860 1313 2914 runc
1336 2864 1393 2938 per
1418 2872 1487 2915 eum
1510 2848 1665 2936 tenebor,
1691 2874 1761 2917 cum
1784 2851 1889 2920 domi.

268 2965 330 3042 pce
355 2953 458 3017 Anno
484 2949 587 3015 XXI·
602 2941 774 3014 Inliblione
800 2944 895 3016 XIII.
923 2941 1032 3028 mensts
1121 2943 1205 3031 bus,
1231 2941 1345 3031 serris,
1370 2944 1500 3034 vineis,
1520 2944 1641 3034 filvir,
1676 2947 1791 3041 aquis,
1825 2970 1888 3044 pa.

272 3043 414 3120 Oblobris
437 3043 492 3115 die
516 3047 576 3116 XI.
600 3047 742 3115 Domnus
770 3050 863 3140 Papa
883 3045 1032 3122 Alexan.
1117 3041 1224 3136 scuis,
1260 3041 1304 3110 (9·
1329 3067 1397 3113 cum
1430 3043 1573 3116 omnibus
1601 3043 1673 3137 suis
1706 3048 1890 3120 tenimentis

270 3149 328 3218 der
352 3150 391 3244 cle
413 3143 543 3243 proprio
575 3146 767 3242 volunrcce,
805 3144 850 3216 (9'
883 3145 1030 3216 Domino·
1124 3145 1169 3217 (Y
1189 3141 1415 3239 pertinentiis.
1436 3151 1485 3218 Er
1506 3145 1640 3219 traditio
1664 3146 1708 3235 esl
1730 3150 1775 3221 ab
1799 3170 1889 3222 urso·

272 3273 344 3320 rum
368 3247 595 3322 Ccrlinolr'um
618 3245 783 3339 consensu,
797 3245 919 3336 scilicer
938 3247 1033 3318 Ubal·
1125 3267 1184 3342 que
1219 3264 1312 3342 parre
1348 3242 1509 3343 possessio,
1544 3270 1581 3320 ur
1616 3254 1759 3323 Domnus
1797 3257 1890 3349 Papo

268 3351 309 3422 cli
333 3345 480 3436 Ostiensis
504 3346 674 3444 Episcopi,
701 3346 858 3419 Tbeoslini
881 3354 1033 3422 Perrum-
1123 3345 1340 3442 deinceps&
1364 3355 1515 3423 Romano
1539 3351 1642 3423 Curia
1657 3351 1805 3439 Ccslrum
1824 3360 1892 3428 Lu·
1962 3405 1965 3412 Δ

262 3449 312 3537 sis
335 3447 507 3546 Episcopi,
522 3448 691 3540 Jobcnuis
714 3449 895 3542 Presbyteri
918 3449 1031 3524 Coreli·
1126 3448 1214 3520 rioni
1238 3474 1307 3519 cum
1331 3474 1401 3521 orcc
1426 3450 1472 3521 Θ·
1489 3451 1562 3544 suis
1575 3453 1800 3549 pertinenciis,
1816 3475 1892 3550 pro.

270 3551 359 3625 nolis
379 3548 567 3624 Scnllerum
579 3550 747 3642 solennis
765 3550 810 3622 (r
828 3552 949 3641 Pauli,
967 3550 1034 3626 ull·
1067 3551 1101 3622 D
1123 3548 1276 3646 primoris
1296 3546 1370 3644 p'ure
1389 3551 1487 3624 libere
1509 3553 1624 3626 bobeor
1649 3553 1693 3622 Θ·
1715 3553 1890 3650 pcffideor:

270 3653 352 3726 berri
383 3653 564 3746 Presbyteri
600 3651 792 3728 cardinalis
818 3651 862 3724 Φ·
887 3655 1033 3728 Concel·
1126 3650 1172 3722 0·
1196 3650 1355 3724 Dominus
1379 3653 1490 3726 Rcino
1516 3653 1560 3724 U*
1585 3653 1655 3749 ejus
1678 3655 1801 3728 heredes
1825 3661 1891 3729 Co·

272 3752 377 3844 larii,
403 3754 513 3826 Marci
539 3753 720 3848 Presbyreri
745 3753 935 3826 Corlinclis
950 3759 1034 3826 Ion·
1119 3753 1223 3841 slsum
1248 3757 1386 3828 Nonnoe
1411 3755 1456 3827 U·
1482 3757 1628 3828 I'r'culum
1651 3783 1720 3828 cum
1746 3757 1891 3830 omnibns

270 3851 318 3926 ili
342 3855 516 3947 Irlorcelli,
533 3855 691 3928 Grarieni
712 3855 852 3928 Diaconi
876 3855 1033 3930 Cardine·
1125 3879 1232 3925 eorum
1260 3856 1466 3950 pertinenciis
1495 3858 1541 3929 Θ·
1565 3858 1788 3951 uciliraribus,
1820 3880 1893 3956 pro·

272 3955 316 4028 lis
339 3954 452 4030 sanni
476 3957 626 4045 Cosmac,
652 3955 698 4026 Θ
722 3955 880 4047 oliorum,
909 3978 1033 4055 permu-
1122 3955 1276 4052 prietatis
1303 3955 1379 4050 p'ure
1409 3959 1507 4030 libere
1539 3961 1679 4031 bobeonr
1713 3961 1759 4030 Θ·
1798 3961 1892 4060 poffi·
2036 3971 2038 3978 “

272 4058 362 4132 ravis
386 4085 456 4130 cum
480 4055 583 4129 nobili
617 4054 690 4128 viro
728 4057 879 4132 Rcinonc
901 4059 943 4130 sle
968 4065 1036 4130 Tu·
1125 4056 1247 4129 manc.
1281 4053 1478 4152 Posseffiones
1500 4079 1628 4149 curem,
1664 4087 1745 4157 quoe
1778 4069 1821 4134 de
1846 4083 1892 4134 re.

266 4159 398 4254 sculcno
406 4188 428 4248 ,·
461 4157 507 4230 U
541 4155 606 4254 ipse
630 4158 789 4233 Dominus
821 4165 915 4256 Papo
946 4161 1038 4233 dedic
1129 4156 1266 4254 nimcnro
1291 4159 1431 4231 Lerinni
1454 4159 1616 4256 obligatae
1639 4183 1752 4246 mens,
1779 4164 1893 4238 Domi.

272 4261 324 4354 ei,
359 4259 485 4358 esusque
508 4257 674 4332 heredibus
709 4261 744 4332 in
776 4281 960 4358 perperorum
993 4263 1038 4334 ccl
1130 4285 1191 4331 nus
1215 4265 1309 4358 Papo
1327 4260 1391 4352 sul
1412 4262 1549 4358 pecunib
1574 4263 1751 4360 recolligere
1773 4267 1892 4356 deber,

270 4361 1039 4560 lllls‚5llsslbl‚“p,ssls,“jf
1073 4359 1396 4560 ciiiilius?
1404 4363 1893 4559 lwffcmsslm‘lss

272 4565 347 4663 quis
370 4565 416 4635 <9¹
440 4562 587 4661 piscariis
611 4591 647 4639 or
664 4563 792 4656 stlvis,
827 4565 873 4635 θ’
897 4564 1039 4639 omnibus
1129 4566 1234 4656 cedit,
1253 4565 1452 4663 superfluum
1471 4567 1633 4639 Dominus
1653 4569 1763 4640 Rcino
1781 4565 1890 4658 solve·

266 4666 340 4762 suis
364 4663 546 4737 renimenris
570 4664 615 4735 Θ·
636 4665 860 4763 pertinentiis.
878 4667 1039 4740 Similiter
1128 4691 1162 4738 re
1178 4669 1289 4740 deber.
1316 4674 1516 4740 Conuenrum
1541 4667 1584 4754 esl
1608 4666 1705 4738 eriorn
1729 4666 1890 4762 utriusque

272 4769 319 4842 U*
345 4765 491 4841 Victricem
523 4791 593 4837 cum
626 4767 797 4858 omnibus,
824 4765 910 4854 sicut
936 4768 1038 4864 supro
1122 4768 1230 4865 porris
1254 4767 1423 4861 censensu,
1448 4791 1486 4842 us
1509 4768 1603 4840 licem
1627 4767 1765 4840 Domino
1782 4772 1892 4865 Papae

271 4869 394 4944 billum
418 4867 488 4959 csl,
522 4865 721 4942 resilientibus
756 4869 801 4941 D*
833 4869 1040 4965 pertinenciis
1110 4867 1253 4967 ‚ejusque
1272 4865 1507 4963 succesoribus,
1541 4869 1653 4941 circli
1684 4871 1894 4966 permutacio-

269 4971 359 5062 suis.
394 4975 443 5044 Es
467 4969 625 5042 Dominus
650 4971 761 5044 Roino
785 4972 878 5044 dedic
906 4971 1040 5068 praedi·
1126 4979 1179 5044 m'r
1203 4970 1441 5064 coneraflsr,st
1464 4969 1650 5062 voluerim,
1676 4969 1820 5062 refilire,
1848 4971 1893 5043 Θ·

276 5068 327 5148 llo
359 5071 494 5142 Domino
522 5077 632 5170 Papus
657 5073 703 5146 Θ·
727 5071 883 5161 Ecclesiae
918 5079 1037 5146 Romo·
1125 5074 1251 5148 reddire
1275 5074 1421 5146 Lariano
1452 5099 1521 5146 cum
1545 5097 1614 5144 arce
1640 5072 1892 5146 &tenimentis
1937 5086 1941 5094 '

385 5177 474 5246 rm.
500 5177 528 5248 r.
1244 5177 1289 5268 Q
1433 5229 1442 5236 .
1770 5171 1843 5268 scis
