4628 6148
279 376 364 465 ²25

588 345 1103 442 DISSERTATIO
1159 349 1506 469 ovam:

1705 367 1797 446 '226

226 467 263 543 ἁ
282 469 443 563 Jurirrer
467 472 636 574 Gregorii
663 469 879 553 Turonenfis
908 472 997 546 mul·
1028 474 1058 544 A
1086 523 1111 560 „
1137 494 1230 543 voca
1254 472 1297 545 ad
1325 497 1382 548 me
1407 473 1514 554 illum
1541 472 1716 575 pileatum
1734 471 1857 546 homi-¹

227 589 265 645 ta
289 571 490 648 fimilitudo
512 575 724 651 intercedit.
754 573 919 674 Denique
938 601 998 649 au·

227 672 289 764 di,
324 670 413 774 quid
442 674 601 753 slatuerit
636 679 789 753 Carolus
819 681 873 751 M.
902 702 995 775 prae·

227 775 392 852 laudatus
412 780 451 852 in
471 778 674 877 capitulari
697 781 740 854 de
755 778 868 854 Villis
887 782 997 854 Tom.

229 879 259 951 Ι.
301 902 367 979 pag
409 903 483 977 339
535 878 734 980 Capitulrr.
777 880 918 956 Baluzii
960 880 997 983 ς.

228 983 369 1073 Lvrll.
396 982 538 1075 ,Quando
562 985 673 1056 catelii
698 984 795 1071 nostri
820 983 999 1078 suricibus

89 1155 97 1167 ,
229 1076 440 1156 commendati.
449 1083 597 1172 suerint.
622 1095 663 1157 de
682 1087 740 1175 suo
759 1112 809 1157 eos
827 1086 997 1178 nutriant,

229 1208 289 1258 aur
313 1191 347 1278 J
347 1185 512 1256 rarioribus
539 1186 631 1278 suis,
671 1186 751 1274 idel!
783 1184 998 1281 Majoribrcr,

230 1287 397 1376 Decurrit,
433 1288 488 1359 vei
512 1289 686 1380 Ceiiamir,
713 1316 762 1380 eor
787 1296 1000 1364 commendare

1087 596 1189 646 nem.
1215 626 1241 662 „
1277 577 1439 666 Vereor,
1474 594 1516 652 ut
1550 574 1752 652 Monachus
1786 573 1855 648 ille

1087 671 1170 749 latis
1191 678 1371 749 Romanae
1392 676 1606 753 eruditionis
1627 678 1760 778 peritus
1777 672 1856 751 fue·

1085 776 1160 868 rit,
1186 776 1330 875 quando
1357 775 1526 872 Aediles,
1558 778 1627 853 five
1653 797 1693 855 ut
1719 778 1751 854 is
1777 776 1855 870 ait,

1086 879 1268 950 Aedilirios
1292 898 1454 954 veterum
1479 907 1559 955 cum
1578 882 1782 954 carioribus
1801 877 1857 955 sui

1087 980 1258 1064 temporis
1293 981 1507 1082 componit.
1546 987 1750 1080 Utcumque
1786 978 1857 1069 srt,

1090 1080 1239 1157 minime
1265 1110 1308 1160 oo
1333 1083 1372 1158 in
1400 1086 1484 1158 loco
1510 1081 1776 1159 confundendus
1810 1078 1858 1155 cll

1086 1187 1196 1258 scarie
1220 1211 1302 1260 cum
1328 1185 1485 1277 ostiario,
1505 1184 1561 1261 sed
1590 1184 1709 1285 potius
1735 1181 1859 1256 distin·

1087 1285 1269 1388 guendus.
1295 1286 1412 1363 Addit
1439 1289 1704 1390 Du·Cangius,
1730 1309 1859 1360 vocem
1989 1354 1992 1360 .

228 1387 354 1478 sariam
379 1390 447 1459 &a
477 1392 577 1465 Haec
613 1390 898 1484 animadvertat,
934 1392 1054 1491 quio
1089 1391 1185 1464 hanc
1214 1390 1370 1466 crebrius
1405 1389 1497 1466 sumi
1518 1412 1578 1489 pro
1604 1387 1772 1476 Mt'm'sltt's
1787 1393 1860 1479 Ι*

221 1491 400 1584 Juuirrum
428 1491 574 1567 nomine
592 1490 789 1596 designatos
816 1511 919 1597 putat
937 1496 998 1573 Fi·

232 1592 315 1683 lim,
342 1591 402 1668 seu
427 1593 558 1667 Liberos
584 1599 816 1698 Magoatum.

287 1697 395 1769 Nunc
429 1693 623 1772 videndum
658 1699 784 1794 restat,
825 1726 870 1775 an
904 1699 1001 1777 inter

235 1794 365 1871 officia
393 1814 454 1873 aut
483 1799 613 1899 Regiae
638 1800 792 1891 domus,
828 1820 889 1878 aut
917 1803 1000 1879 Rei·

235 1899 399 1998 publicae
407 1899 608 1979 recensendi
620 1903 687 1978 lint
695 1905 878 1977 scariones.
896 1909 1000 1981 Hanc

233 2000 329 2076 mihi
356 2001 592 2098 quaestionem
621 2005 862 2106 suppeditavit
887 2006 999 2083 Char·

234 2121 272 2175 ta
314 2101 506 2177 Mathildis
545 2131 693 2207 magnae
731 2108 944 2185 Comitillae
980 2110 999 2183 i

234 2203 399 2279 Troncio
425 2203 521 2280 edita
547 2205 586 2281 in
615 2208 772 2284 Historia
793 2210 939 2303 Pisana,
964 2214 1001 2285 δι

1087 1492 1193 1566 dicum
1203 1520 1226 1580 ,·
1258 1494 1315 1566 vel
1349 1514 1429 1565 certe
1449 1514 1510 1592 prr
1533 1492 1708 1566 minoribus
1723 1497 1755 1584 J
1756 1488 1861 1565 adire·-

1088 1597 1165 1669 bus.
1192 1598 1312 1689 Quam
1331 1593 1369 1670 in
1389 1620 1464 1670 rem
1483 1595 1591 1670 verba
1610 1592 1723 1668 adfert
1742 1591 1862 1678 etro-1

1091 1695 1164 1772 nici
1191 1694 1458 1773 Vulturnenfis.
1486 1700 1552 1772 Sed
1578 1695 1673 1771 nihil
1692 1693 1777 1770 inde
1796 1719 1861 1769 ex·

1091 1800 1231 1899 culpere
1257 1796 1388 1897 poffis,
1415 1818 1454 1876 ut
1480 1799 1645 1875 Serrium
1669 1796 1710 1872 in
1736 1796 1861 1873 album

1090 1901 1254 1992 Judicum
1281 1903 1490 2001 majorum,
1516 1901 1769 1994 minorunwe,
1796 1914 1861 1974 aut

1093 2002 1338 2078 Ministrorum
1365 2001 1517 2078 reseras.
1545 2008 1791 2093 juramentum
1817 1999 1861 2075 in

1089 2105 1219 2180 litibus
1253 2106 1478 2204 interponere
1515 2102 1766 2179 Ecclefiasticir
1795 2101 1862 2179 ,vi-

1091 2209 1140 2283 ris
1174 2206 1265 2281 olim
1301 2205 1398 2281 nefas
1433 2205 1528 2281 fuit.
1570 2208 1759 2299 Propterea
1798 2225 1862 2302 per

237 2324 379 2380 exarata
420 2310 531 2381 Anno
573 2313 659 2385 Mc.
703 2338 768 2409 pro
807 2313 1004 2389 Canonicis
1031 2338 1078 2413 ς1
1094 2307 1303 2386 Advocatoa
1329 2307 1408 2384 suos
1434 2307 1565 2384 Laicoc
1592 2306 1685 2383 illud
1715 2303 1863 2407 praelia·

238 2406 396 2482 Pisanis.
435 2408 613 2511 Praecipit
638 2411 692 2488 ibi
719 2413 933 2506 Comitilsa,
967 2430 1005 2487 ur
1074 2437 1131 2549 ¹re
1156 2408 1434 2486 consueverunt.
1469 2407 1678 2505 Aislulphus
1714 2412 1801 2483 Rex·
1819 2406 1861 2482 in

239 2537 336 2606 neque
370 2516 504 2603 Curres,
544 2542 643 2611 aeque
678 2515 872 2608 Viceerrrec,
909 2544 1006 2614 neque

239 2612 375 2704 Scurio,
411 2640 509 2710 raeque
533 2616 654 2712 aliquis
675 2619 873 2714 publicorum
898 2620 1004 2691 Muri·

231 2712 371 2800 firmum
397 2717 443 2785 ad
466 2716 628 2788 Placitum
661 2720 843 2807 faciendum
876 2743 952 2793 ante
970 2721 1009 2814 se

239 2812 417 2908 praediiiur
441 2815 585 2887 villanos
606 2820 784 2911 compellere
807 2821 1008 2917 praesumat.

244 2917 331 2989 Non
372 2913 562 2987 mediocris
606 2917 832 2993 auctoritatis
876 2921 1009 2995 fuerint

242 3014 409 3088 scariones
426 3033 590 3112 oportet,
609 3018 751 3117 quando
770 3018 933 3096 homines
951 3049 1010 3097 co·

1093 2516 1191 2612 Lege
1216 2511 1487 2613 Langobardica
1518 2534 1574 2586 12.
1601 2510 1688 2587 haec
1711 2506 1865 2584 scribite

1093 2615 1133 2686 Si
1158 2613 1231 2712 quis
1254 2641 1323 2686 cum
1349 2620 1448 2686 Curre
1473 2614 1577 2713 Regis
1601 2613 1726 2707 musam
1744 2614 1865 2685 habu-¹

1094 2717 1161 2807 rit,
1189 2717 1233 2788 θ’
1257 2717 1420 2806 everterit,
1446 2737 1484 2786 ur
1504 2737 1584 2813 pars
1598 2715 1710 2791 ,Curris
1730 2714 1864 2810 Regis,

1088 2817 1323 2910 [coamentem
1347 2819 1496 2889 deducere
1531 2814 1650 2912 (idcsl
1686 2811 1865 2913 exigere)

1093 2918 1233 3009 debeat,
1260 2917 1298 3003 si
1321 2917 1425 2988 miror
1447 2917 1541 3009 causa
1565 2919 1606 2987 dr
1629 2915 1753 2986 solidis
1787 2918 1866 2990 XX.

1092 3020 1217 3112 fuerit,
1233 3042 1292 3115 per
1310 3018 1542 3110 sacramentum
1560 3019 1604 3090 ab
1622 3014 1792 3089 sebariuue
1806 3039 1868 3114 pro

244 3141 325 3215 gere
351 3115 395 3189 ad
432 3115 568 3192 Placita
604 3138 788 3239 poterant.
824 3122 918 3198 Heic
953 3150 1011 3200 me
1098 3119 1276 3193 actoribus
1291 3118 1456 3211 finiatur.
1483 3119 1523 3191 Si
1547 3124 1623 3191 verb
1648 3117 1752 3239 map‘rr
1771 3116 1869 3211 causa

242 3216 402 3290 tenebris
429 3219 555 3293 multis
582 3220 834 3298 crrcumsusum
870 3223 1010 3303 sentio.
1035 3229 1084 3298 D·
1091 3223 1216 3315 fuerit,
1236 3221 1343 3295 Aiior
1360 3222 1400 3292 de
1419 3227 1499 3293 Loco
1517 3219 1532 3318 (
1548 3220 1748 3296 venerabrlr
1765 3223 1779 3322 )
1799 3248 1871 3295 cum

243 3319 287 3390 In
302 3315 488 3392 Chronico
509 3323 739 3398 vulturnenfi
763 3329 856 3401 Part.
875 3330 1009 3403 11.Το-

243 3417 298 3493 mi
327 3422 353 3491 l.
384 3423 464 3494 Rcr.
494 3423 611 3500 Italic.
636 3452 715 3527 pag.
745 3449 831 3525 349.
859 3432 1011 3505 Carolus

243 3522 400 3619 Magnus
432 3521 639 3620 Diplomate
666 3526 728 3603 suo
754 3528 897 3621 statuit,
924 3532 1015 3619 ursi

191 3668 193 3671 ν
244 3621 355 3716 aitqua
390 3642 524 3718 tempore
548 3648 618 3698 orta
648 3629 751 3718 suerit
780 3632 934 3704 contentio
961 3635 1011 3706 irr-

247 3739 297 3791 rer
331 3725 496 3794 Abbarrm
522 3729 821 3823 Vulturnensern,
846 3735 903 3804 oei
935 3739 1009 3808 Ad·

246 3844 397 3894 vocatum
416 3823 533 3914 suum,
554 3827 613 3917 serr
637 3833 678 3901 dr
701 3834 842 3923 servir,
868 3839 927 3906 vel
950 3836 1009 3908 aii·

245 3947 310 4020 qua
344 3923 459 4016 causa,
495 3926 564 3998 &A
601 3930 694 4002 dierat
728 3932 774 4002 eir
791 3933 829 4024 se
852 3936 1016 4025 defendere
1042 3923 1047 3930 ι

243 4045 302 4121 per
326 4026 493 4097 scariones
518 4027 654 4120 ejusdem
680 4037 894 4124 Munajlerii‚
917 4036 1016 4121 sicuti

246 4127 430 4222 antiquitus
455 4129 639 4212 cousuetudo
658 4134 753 4225 suit.
783 4138 1015 4237 Du·Cangius
1050 4136 1080 4204 F-

246 4225 287 4300 in
313 4228 490 4302 Glossario
516 4233 654 4307 Latino
680 4234 717 4308 id
744 4232 932 4312 hominum
955 4265 1011 4340 ge·

245 4351 314 4400 nus
349 4329 500 4415 Oliiarior
534 4329 635 4409 fuisse
669 4335 836 4416 opinatus
871 4339 938 4427 est,
975 4339 1014 4412 in

249 4453 327 4502 eam
356 4426 565 4506 sententiam
594 4434 763 4510 adductus
787 4437 806 4510 i
832 4439 1016 4513 Monacho

248 4529 489 4629 Sangallensi,
516 4533 578 4631 qui
606 4536 644 4610 in
673 4540 760 4610 Vita
787 4539 912 4613 Caroli
935 4543 1014 4614 Ma·

246 4628 311 4733 gni
347 4629 431 4706 Lib.
460 4635 488 4704 l.
515 4638 603 4735 Cap.
633 4661 692 4710 ao.
719 4638 762 4712 de
788 4638 942 4737 quodam
970 4645 1016 4716 ἱ·

249 4733 395 4832 piscopo
431 4731 581 4812 scribit:
619 4740 718 4811 Dixit
753 4743 798 4812 ad
822 4740 1017 4833 ostiarium,

247 4835 306 4906 vri
337 4837 517 4908 Serriorrem
547 4839 642 4932 suum
689 4841 811 4935 (cujus
843 4843 1020 4940 diguitatis

251 4955 309 5007 aut
333 4937 503 5025 ministerii
526 4943 598 5014 viri
620 4945 710 5042 apud
725 4944 876 5040 antiquos
896 4953 1016 5017 Roma·

249 5060 307 5109 arr
343 5041 578 5122 Aediliriurrrm
615 5045 742 5124 rrmiue

781 5045 1020 5154 censebamur)

354 5135 445 5247 Tm
467 5147 499 5225 1.

1097 3324 1273 3398 doloribus
1284 3321 1456 3416 secordiam
1475 3323 1667 3420 quaiitarem
1685 3324 1798 3419 causae
1816 3351 1873 3424 per

1066 3427 1325 3523 ‘sacramentum
1354 3425 1548 3520 persolvat.
1573 3426 1738 3502 Nomine
1765 3429 1876 3532 ⁹45³?-

1101 3529 1145 3599 ris
1171 3527 1401 3600 Advocatum
1427 3521 1620 3626 significari
1647 3554 1718 3650 ego
1737 3531 1780 3609 in
1798 3538 1882 3612 Noa

1103 3631 1150 3703 tis
1176 3626 1447 3728 conjeilabam.
1482 3627 1595 3722 Quod
1622 3631 1690 3709 nbt
1717 3635 1884 3738 statuas,
1953 3708 1961 3713 ,

1103 3730 1302 3822 habemus,
1342 3727 1522 3804 interdum
1562 3758 1626 3832 per
1666 3745 1889 3842 semiorum,

1103 3831 1282 3904 interdum
1321 3855 1382 3929 per
1415 3833 1592 3907 Advocati
1637 3840 1891 3949 jusjurandum
2038 3900 2047 3911 .

1106 3933 1189 4007 lites
1215 3929 1302 4003 fatti
1336 3930 1489 4030 alicujus
1524 3932 1566 4009 in
1606 3956 1896 4035 controversam

1107 4030 1249 4106 adduffi
1289 4027 1391 4106 fuisse
1430 4032 1639 4123 diremtas.
1683 4056 1764 4136 Adi
1805 4079 1900 4137 nunc

1111 4134 1209 4234 supra
1236 4147 1477 4210 memoratum
1497 4139 1726 4235 chronicon
1752 4167 1904 4241 Vultur·

1111 4232 1245 4324 nense,
1271 4233 1369 4308 Part.
1397 4239 1448 4312 11.
1475 4243 1600 4327 Tomi
1629 4260 1661 4332 l.
1691 4268 1778 4343 Res,
1803 4255 1907 4342 hali.

1112 4353 1181 4411 ἐπ’
1218 4361 1297 4435 WB·
1335 4361 1426 4434 37²·
1465 4346 1533 4472 ub}
1574 4359 1796 4445 Ludovicus
1823 4360 1910 4440 Ρὶΰδ

1114 4442 1224 4511 Anno
1249 4439 1500 4525 Deccxlx.
1522 4480 1566 4532 tn
1588 4465 1808 4567 Diplomte
1827 4462 1916 4537 Mo·

1113 4538 1236 4613 nachis
1263 4538 1311 4614 iis
1339 4553 1516 4629 coreeffo
1544 4560 1627 4656 (de
1656 4575 1758 4670 cujus
1784 4563 1859 4643 fide
1883 4580 1922 4628 o-

1115 4640 1164 4714 rit
1201 4640 1294 4715 mihi
1332 4641 1460 4727 sermo
1494 4655 1537 4733 in
1569 4667 1763 4746 Dissertat.
1798 4655 1930 4737 xvu.

1115 4740 1159 4815 de
1189 4742 1311 4840 fisco)
1339 4744 1427 4826 ait:
1473 4763 1528 4831 Er
1557 4772 1679 4846 nuilus
1706 4772 1826 4847 ardeat
1857 4756 1944 4832 Ab·

1114 4847 1204 4919 bores
1228 4846 1285 4916 vei
1311 4851 1511 4933 Monaebm
1538 4865 1692 4961 ‘jusdm
1715 4860 1883 4946 cmobii
1904 4853 1955 4928 ad

1111 4943 1293 5043 jamdum
1318 4974 1488 5046 quaerere
1504 4993 1529 5054 ³·
1570 4977 1661 5066 φὶ,
1679 5001 1683 5008 ·
1698 4994 1807 5050 mm
1857 4953 1974 5029 divi·

1119 5075 1196 5124 nrm
1221 5053 1383 5229 gerim
1412 5059 1485 5157 effe
1514 5075 1671 5172 μμ,
1695 5079 1760 5156 sta
1782 5086 1856 5167 per
1896 5059 2003 5145 5⁶5⁸.

1186 5173 1189 5177 ’
1246 5225 1255 5248 ,
1784 5163 1938 5242 rim!
