4534 6164
443 437 531 548 387
695 426 1137 548 Auriovrr.
1196 424 1696 518 munsterus
1864 443 1949 552 ,ss

380 548 501 624 vitatis
518 547 687 644 Segufiae,
712 548 757 618 O·
773 548 900 620 tertiam
920 568 1044 644 partem
1064 548 1145 622 Val·
1177 553 1212 624 A
1242 541 1533 648 praestantiffimo
1566 547 1714 625 Comite
1748 549 1927 629 Cuiffotro
1963 553 2007 630 ab

383 651 429 723 lis
452 651 644 750 Segufinae‚
670 647 880 724 confirmata
905 648 1051 725 subinde
1074 647 1149 724 fue·
1242 675 1298 723 me
1324 647 1489 741 missum,
1523 647 1562 724 in
1589 675 1662 752 quo
1686 677 1759 727 mm
1788 681 1901 730 raram
1931 681 2007 752 pes·

386 781 427 828 re
451 779 472 827 s
498 751 665 828 Conrado
692 755 719 824 1.
747 754 984 852 Imperatore,
1020 752 1074 826 uti
1106 749 1145 826 fi·
1242 750 1380 851 pende,
1416 751 1585 828 videlicet
1619 754 1694 828 auri
1722 757 1882 853 pressiori
1904 759 2009 834 librar

382 853 462 932 dem
496 852 611 929 faciet
644 849 853 956 subsequens
888 855 1089 959 Diplosna,
1125 879 1147 929 r
1238 875 1359 928 centum
1384 855 1524 932 Talenra
1550 855 1697 954 majora.

405 1075 581 1168 Conradi
613 1075 740 1167 Primi
771 1078 940 1196 Aogossi
969 1077 1183 1193 Diplome,
1222 1107 1290 1200 per
1317 1081 1423 1200 quod
1454 1078 1697 1168 Montsterio
1721 1083 1916 1196 ¹Segofino
1944 1087 1984 1174 8.

448 1199 550 1312 Justi
581 1199 685 1286 bone
716 1197 861 1287 collare
890 1202 941 1286 ab
971 1199 1111 1288 Alrico
1141 1199 1354 1317 Episcopo,
1383 1204 1423 1288 bc
1455 1197 1708 1314 Muginsredo
1738 1203 1946 1292 Moschio-

577 1347 654 1432 ne,
683 1318 966 1406 confirmantur
998 1325 1119 1406 Anno
1149 1323 1227 1408 Ch.
1263 1323 1386 1432 1038.
1416 1321 1493 1408 hoc
1520 1319 1576 1418 ,est
1607 1315 1819 1410 secundom

689 1435 894 1554 vulgarem
924 1437 1096 1528 nostram
1127 1441 1275 1528 Aerem
1305 1445 1430 1526 Anno
1459 1439 1537 1527 Clu
1572 1467 1699 1555 ¹037·

386 1672 475 1859 ΙΝ
490 1674 613 1746 nemine
630 1673 786 1769 sarbiae,
807 1677 851 1750 θ’
869 1676 1060 1752 individuae
1077 1675 1152 1750 Tri·
1167 1681 1217 1753 ΙΒ
1245 1703 1341 1778 quarn
1372 1677 1628 1776 praesentialiter
1651 1677 1734 1776 regit
1767 1697 1862 1776 atque
1890 1683 2007 1778 guber·

455 1777 595 1849 sirmis:
614 1779 797 1854 Corradus
819 1784 1061 1856 Romanorum
1081 1783 1151 1854 lm·
1244 1801 1302 1853 nar
1328 1783 1489 1855 Domnus
1516 1783 1718 1856 Bertsomuc
1743 1781 1842 1854 mirae
1867 1783 2008 1854 devotio·

387 1899 529 1978 perator
558 1879 735 1979 Augustus
761 1881 881 1955 divina
901 1883 1038 1974 savenre
1064 1881 1150 1975 mise·
1248 1883 1299 1954 nis
1324 1882 1466 1957 Abbas.
1501 1881 1668 1975 Censemus
1693 1909 1785 1980 ergo,
1824 1905 1919 1982 atque
1948 1905 2010 1980 per

387 1978 544 2072 risordia.
570 1981 611 2052 si
630 1981 756 2054 Divino
781 1983 966 2076 intrinsecus
987 1983 1074 2072 salli,
1083 1985 1150 2083 spi·
1247 1985 1328 2058 bane
1362 1985 1458 2072 nursini
1491 1985 1655 2084 Praecepti
1685 1986 1841 2084 paginam
1874 1987 2009 2057 mrrebo·

388 2080 512 2153 tamine
546 2081 650 2154 almae
679 2083 812 2174 sanblae
844 2087 942 2158 matri
968 2083 1152 2177 Ecclesiae,
1249 2107 1356 2160 rantes
1375 2085 1545 2180 jubemus,
1580 2106 1618 2159 ut
1647 2087 1830 2184 praedillus
1862 2089 2006 2178 Abbas,

389 2180 574 2275 Cbrisloque
606 2182 704 2277 digne
736 2184 943 2279 servientes,
979 2188 1155 2260 mundialis
1247 2189 1356 2286 suique
1367 2185 1565 2284 successores,
1590 2188 1760 2284 cunilaque
1776 2187 2007 2288 congregaris,

387 2279 486 2372 buius
503 2282 649 2380 temporis
666 2286 793 2358 auxilia
806 2292 1010 2385 praebentes,
1035 2287 1154 2378 nostrae
1245 2289 1418 2382 seeundum
1451 2289 1612 2386 Regulam
1646 2289 1744 2360 Beati
1777 2289 1947 2362 Benedilli
1973 2290 2009 2360 in

388 2391 555 2459 Romanae
581 2384 789 2481 Reipublicae
813 2393 859 2461 ad
882 2389 1073 2486 prosellum,
1100 2413 1151 2464 at·
1250 2395 1353 2463 eodeni
1378 2389 1573 2478 Monaslerio
1604 2392 1746 2486 degens,
1765 2391 1888 2462 emnia
1916 2411 2013 2487 prae·

388 2509 448 2586 que
472 2497 516 2558 ad
540 2507 744 2582 augmentum
770 2491 931 2588 utriusque
954 2494 1067 2583 vitae,
1094 2519 1154 2564 non
1247 2494 1307 2567 dia
1330 2524 1353 2569 a
1380 2491 1577 2590 supradiblis
1610 2491 1788 2590 Episcopo,
1823 2493 2014 2562 Marebione

389 2587 540 2684 exiguum
560 2588 629 2678 sure
653 2590 783 2662 minime
807 2595 1025 2692 ambigimus:
1059 2593 1156 2680 Μ
1185 2580 1218 2652 s·
1252 2597 1298 2667 Θ
1322 2590 1473 2690 eomitissa
1498 2591 1789 2669 »causareris
1817 2591 1888 2684 suis
1914 2593 2014 2662 colla.

386 2688 455 2786 piis
473 2687 641 2776 noslrorum
657 2689 808 2784 fidelium
829 2697 970 2792 precibus
987 2697 1156 2792 Caesareas
1250 2719 1312 2786 ta,
1344 2697 1486 2788 babeat,
1521 2715 1653 2788 teneat,
1685 2691 1884 2790 firmiterque
1919 2691 2014 2788 P0ffi·

389 2815 482 2864 aures
504 2789 668 2863 clementer
689 2793 899 2890 inclinamus,
916 2797 1083 2891 fideliores
1103 2817 1148 2871 at·
1250 2800 1348 2888 deas,
1375 2797 1419 2866 Θ
1438 2796 1610 2889 secundior
1636 2805 1719 2894 quod
1743 2797 1774 2868 ei
1795 2793 1873 2868 rrble
1892 2795 1935 2865 Θ
1955 2792 2014 2888 ju·

392 2917 452 2990 que
475 2893 522 2964 ad
550 2895 714 2990 publicum
738 2925 792 2974 nec
817 2927 878 2972 non
911 2901 1078 2996 privatum
1104 2903 1155 2972 ob·
1246 2899 1295 2988 sle
1318 2898 1425 2992 visum
1445 2899 1574 2991 suerit,
1610 2901 1757 2970 ordinent
1789 2920 1885 2996 atque
1908 2894 2014 2994 dispo·

384 2991 532 3090 squium
553 2998 738 3095 promtiores
762 2993 811 3073 eos
841 3003 952 3076 obnixe
984 3003 1155 3077 credimus.
1255 3023 1357 3094 nant,
1382 3025 1417 3074 eo
1440 3002 1593 3074 videlieet
1618 3002 1748 3089 ordine,
1783 3025 1844 3098 que
1874 2993 2015 3094 praesnti

391 3101 597 3194 Quapropter
620 3099 796 3176 cunblorum
821 3105 921 3193 casiae
953 3106 1068 3179 matris
1092 3111 1155 3179 Ee·
1254 3107 1390 3179 ollrieus
1403 3105 1598 3202 Epifiopus,
1618 3105 1662 3174 Θ·
1676 3102 1905 3196 Maginsredus
1919 3103 2016 3170 Mar·

389 3196 499 3283 slefiae
507 3197 658 3290 fidelium
666 3205 792 3276 devotio
801 3208 1062 3300 animadvertat,
1077 3232 1155 3306 qua·
1254 3208 1341 3300 ebio,
1371 3208 1429 3301 serr
1462 3213 1564 3280 Berta
1597 3199 1761 3295 comitissa
1791 3225 1850 3300 prs
1882 3201 2015 3294 suarum

392 3299 470 3370 liter
493 3299 597 3387 noslra
614 3308 794 3398 imperialis
811 3308 972 3400 Majeslas
994 3311 1153 3382 interven·
1251 3309 1454 3398 animarum,
1479 3307 1676 3402 omniumque
1699 3303 1951 3390 Christianorum
1970 3327 2018 3370 re·

390 3419 428 3472 ru
456 3398 607 3478 Domini
646 3407 826 3509 Popponic
852 3407 1156 3514 Archiprsesulis,
1253 3409 1377 3499 medie,
1416 3407 1575 3502 disponere
1611 3407 1845 3486 damur,
1883 3403 2016 3486 nistre,

393 3529 448 3574 nee
481 3531 543 3578 non
573 3507 699 3586 Borrae
733 3511 965 3598 comitissae,
999 3513 1159 3584 virtutum
1194 3509 1239 3577 D,
1253 3509 1480 3601 nostrorumque
1492 3497 1695 3594 Sexeefflreum
1714 3495 1958 3572 contradiblione
1972 3500 2018 3570 (9⁹

393 3607 533 3680 moribus
550 3612 727 3705 expolitae,
752 3615 864 3710 dignis
882 3613 1092 3709 petitionibus
1108 3633 1157 3681 ra·
1253 3603 1394 3692 molestil
1424 3603 1532 3700 procul
1562 3601 1692 3700 penitus
1726 3602 1868 3670 remotdr
1894 3597 2019 3691 scilieet

392 3705 446 3782 sla
480 3711 694 3800 concedimus,
729 3733 823 3806 atque
855 3735 913 3805 per
946 3713 1028 3782 bane
1061 3709 1160 3797 nostri
1253 3708 1350 3782 sertid
1372 3727 1465 3805 parte
1491 3703 1628 3797 ejusdem
1654 3701 1817 3774 Civitatis
1842 3698 2016 3798 Segustae,

392 3806 559 3899 Praeeepti
595 3808 751 3902 paginam
789 3813 1016 3884 corroborantes
1052 3813 1160 3885 omnia
1248 3811 1306 3906 seu
1330 3807 1400 3903 esur
1425 3803 1614 3896 Territorii,
1635 3822 1758 3901 excepto
1782 3801 1915 3894 Cellrv,
1933 3803 2017 3899 qud

391 3905 552 4004 praedia,
584 3905 772 4008 eunllasque
796 3935 845 3984 res
882 3912 985 4004 illas,
1022 3939 1101 4012 quas
1125 3941 1157 3986 o·
1254 3911 1341 4002 insra
1366 3909 1467 4008 ipsam
1492 3907 1671 3981 Civitatem
1692 3903 1830 4003 politum
1849 3902 1899 3990 'esi
1915 3929 1934 3991 ,·
1957 3902 2017 3997 seu

393 4007 454 4079 lim
474 4005 621 4084 Atticus
645 4013 840 4086 venerabilis
865 4012 1080 4116 Episcopus,
1107 4037 1159 4090 at·
1253 4014 1350 4086 tertil
1371 4031 1466 4110 parre
1489 4011 1530 4082 de
1555 4011 1627 4080 totd
1655 4003 1920 4104 Vallesl'egusiae
1950 4025 2019 4076 tam

394 4135 455 4207 qne
480 4108 703 4189 Mainfredus
730 4113 898 4193 Maschio
923 4119 1078 4208 eximius,
1104 4145 1160 4190 nec
1256 4115 1290 4188 in
1316 4114 1475 4186 montibus
1500 4115 1596 4210 quim
1622 4111 1657 4181 in
1687 4109 1906 4206 planiciebus,
1932 4104 2025 4190 fimf

397 4237 461 4286 non
501 4213 605 4290 Bessa
647 4217 780 4307 illustris
814 4219 1004 4295 Comitifl's
1044 4223 1160 4292 obtulit
1254 4217 1398 4290 detinent
1423 4219 1578 4301 Montes,
1606 4211 1663 4311 qui
1685 4212 1794 4284 vocati
1813 4209 1893 4302 sunt
1918 4213 2021 4278 Gene-

389 4313 522 4409 sanilae
561 4317 718 4404 Ecclestae
754 4326 842 4419 apud
879 4322 1077 4418 Segestam,
1116 4327 1161 4395 ad
1253 4320 1334 4412 vii,
1375 4317 1419 4389 (9·
1456 4315 1601 4406 Cinilii,
1635 4310 1731 4412 usque
1760 4312 1794 4384 t'rt
1829 4307 2021 4382 territorium

395 4418 540 4494 bonorem
564 4419 702 4495 Sanblae
727 4424 773 4496 Θ
797 4425 989 4497 individuae
1013 4423 1160 4496 Trinira·
1196 4417 1226 4487 Ε
1257 4424 1301 4493 U·
1317 4418 1423 4513 finem
1445 4419 1486 4490 de
1513 4417 1623 4508 Villa,
1647 4439 1727 4512 quae
1750 4435 1883 4488 meatur
1907 4417 2020 4508 Vaga,

395 4521 467 4612 tis,
501 4542 598 4622 atque
615 4521 679 4617 sub
704 4525 827 4596 nornine
862 4525 988 4597 Matris
1013 4526 1058 4595 Θ·
1085 4526 1156 4596 Vir·
1258 4525 1291 4596 in
1315 4521 1391 4594 loeis
1414 4522 1459 4591 Θ·
1474 4517 1592 4610 sundis
1611 4516 1733 4610 Sesana
1755 4517 1848 4607 Ulei,
1867 4515 1912 4587 θ
1935 4519 2022 4586 Bar·
2066 4549 2069 4558 ·

395 4623 1161 4801 bilini'iiiissib'imniii‘bil
1256 4617 1905 4817 ll‘dsdllmlln..illudis
1922 4619 2020 4789 Mii'

886 4758 928 4802 all
1150 4772 1164 4791 ·
1704 4776 1716 4813 s
1919 4773 1930 4808 r

398 4845 512 4920 eatae,
538 4782 595 4903 ubi
620 4752 846 4919 eonditumqefl
864 4829 1054 4926 sanbliffimi
1069 4837 1101 4922 J
1102 4831 1167 4919 usli
1261 4829 1357 4917 reslo,
1383 4827 1557 4918 Bozoleto,
1581 4823 1701 4899 Sanblo
1717 4823 1872 4918 Georgs'rs
1898 4817 2023 4913 calls·

398 4931 565 5026 lelartyris
590 4937 729 5031 Corpus,
756 4951 852 5031 atque
875 4931 990 5005 Sanbli
1015 4933 1160 5022 Mauri,
1255 4930 1315 5023 so,
1340 4927 1507 5022 Bruliolo,
1533 4931 1703 5018 Burbono,
1740 4923 1863 4996 Vellem
1887 4923 2021 4994 Fvlcdr·

399 5031 439 5104 ab
458 5033 626 5106 remedium
644 5038 771 5125 suanam
790 5041 992 5124 animarum,
1010 5035 1163 5106 omnium·
1259 5032 1318 5123 di,
1344 5030 1466 5105 sanna
1489 5033 1654 5130 Agatha:
1677 5053 1745 5100 eum
1770 5021 1870 5114 rests,
1906 5024 2022 5124 ΕΔΜ·

402 5157 462 5230 que
486 5135 767 5230 Christianorum,
803 5141 847 5213 ad
881 5138 970 5232 usum
1004 5138 1048 5208 θ
1078 5136 1163 5228 serm·
1259 5133 1321 5226 lis,
1356 5133 1571 5230 anivostssre
1596 5135 1705 5218 rebrat,
1741 5126 1940 5230 omnibusque
1964 5127 2021 5198 ed·

397 5257 490 5332 ptum
526 5241 793 5338 congregationis
830 5240 901 5338 ejus
939 5237 1163 5333 Monaslerii,
1257 5235 1408 5336 jacentiis
1434 5231 1705 5334 &pertinentiis
1738 5227 2026 5406 eornmclnsuper

1891 5353 1972 5404 ortes
